2041 2738
907 210 1024 259 »ξω-,ς
1085 204 1103 261 )
1140 220 1229 258 242
1265 206 1283 263 (
1342 208 1456 288 3323<-

450 317 586 361 media
619 313 695 371 [a]
732 316 939 364 minores‚·
989 316 1107 357 tertia
1159 315 1333 359 inferior
1370 315 1446 371 [b]
1482 316 1601 370 longe
1651 321 1783 366 maior
1814 323 1895 373 est,

449 378 603 432 refert3
653 387 699 419 et
729 390 835 432 quae
869 378 1041 419 totidem
1076 378 1242 420 diuersis
1275 378 1462 432 partibus
1498 380 1723 432 applicatae
1755 385 1897 427 diuer-

448 442 514 482 sos
547 449 638 493 trese
661 441 815 482 limites
848 439 1034 482 efficiunt
1071 441 1253 482 minores
1290 442 1515 483 ventriculi
1559 443 1719 491 dextri,
1754 446 1898 500 fingu-

446 502 568 544 latim
619 515 713 544 eum
758 503 808 543 ab
848 514 1095 557 vnaquaque
1141 504 1324 556 partium
1374 505 1542 544 illarum
1595 504 1895 557 distinguentes,

448 564 521 606 Ad
555 564 663 606 bases
705 565 906 606 nimirum
956 565 1129 607 arteriae
1179 565 1452 622 pulmonalis,
1503 574 1668 614 aortae,
1718 577 1761 606 et
1793 568 1897 611 smus

448 621 652 667 venarum
688 639 887 668 canatum
922 627 986 668 his
1018 627 1097 668 suis
1141 628 1370 680 limitibus',
1422 630 1471 669 ad
1507 629 1686 669 formam
1733 626 1898 672 illarum

449 690 619 737 excisis,
670 689 928 731 ventriculus
960 689 997 730 se
1032 691 1238 743 applicat;
1262 715 1266 720 ,
1287 703 1440 743 eaeque
1465 719 1469 721 -
1493 691 1605 731 bases
1654 704 1778 744 ergo,¹
1815 705 1899 745 quo

447 761 577 803 vsque
608 752 803 805 parietem
841 751 1061 793 ventriculi
1094 753 1331 806 recipiunt,
1374 754 1441 793 sua
1476 752 1608 805 figura
1642 754 1789 807 suaque
1823 767 1901 808 po-

447 813 594 854 fitione
627 810 673 856 et‘
699 813 774 856 sstu
809 813 915 856 hanc
949 813 1099 857 lineam
1132 816 1300 867 eiusque
1333 814 1503 866 ductum
1537 815 1766 865 definiunt,
1811 830 1897 868 ,qua

445 884 562 928 parte
597 875 954 916 circumferentiae
990 877 1082 917 suae
1117 878 1335 931 posteriori
1366 879 1409 918 in
1453 877 1534 918 bafi
1569 880 1703 920 cordis
1736 880 1895 936 ventri-

444 935 560 981 culus
592 939 735 982 dexter
770 939 1031 980 terminatur.
1072 976 1075 977 γ
1840 933 1843 938 ’

661 1079 830 1122 Limites
865 1079 906 1121 in
938 1080 1021 1134 bafi
1056 1081 1187 1121 cordis
1222 1083 1447 1122 accuratius
1483 1080 1681 1134 descripti.

628 1180 740 1223 Bafis
773 1184 942 1236 quidem
976 1185 1148 1225 arteriae
1201 1183 1452 1237 pulmonalis
1491 1194 1579 1225 tota
1625 1185 1709 1225 sere
1744 1183 1794 1224 ab
1827 1182 1898 1224 ad·
1943 1194 1946 1197 '

439 1241 643 1285 'haerente
676 1247 836 1297 pariete
871 1247 1090 1288 ventriculi
1120 1247 1348 1299 complexa
1381 1258 1607 1300 occupatur
1628 1247 1711 1303 [c],
1746 1247 1898 1306 vtexi-

441 1316 523 1356 gua
560 1307 690 1345 modo
724 1309 923 1359 particula
973 1310 1058 1349 eius
1093 1310 1134 1347 in
1169 1309 1299 1348 latere
1350 1311 1508 1351 finistro
1543 1310 1738 1363 supersit,
1790 1321 1896 1361 quae

435 1358 560 1422 {septo
608 1367 775 1409 insidere
810 1370 974 1409 videtur
1012 1370 1119 1423 [d];
1175 1370 1347 1422 proinde
1397 1374 1611 1423 integrum
1645 1371 1730 1411 fere
1765 1372 1895 1411 circu-

444 1425 530 1468 lum
567 1427 669 1468 haec
705 1430 888 1484 superior
921 1432 964 1470 in
999 1432 1217 1486 posteriori
1267 1433 1626 1474 circumferentiae
1671 1432 1892 1472 ventriculi

435 1484 556 1541 'parte
604 1492 756 1532 excifio
804 1491 946 1534 efficit.
1028 1492 1189 1534 Aortae
1223 1492 1323 1535 bafis
1359 1496 1523 1534 tertiam
1558 1494 1668 1545 quafi
1713 1495 1889 1535 ambitus

442 1549 503 1588 sui
536 1561 698 1603 partem
732 1555 1011 1595 dexteriorem
1063 1554 1401 1606 anterioremque
1454 1556 1650 1605 largitur,
1706 1557 1778 1608 [e]
1815 1558 1894 1595 mi-

440 1617 674 1665 noremque
715 1627 814 1667 ergo
861 1615 969 1657 hanc
1024 1616 1207 1657 mediam
1260 1616 1620 1658 circumferentiae
1670 1618 1890 1658 ventricuii

440 1674 692 1735 excisionem
747 1677 894 1718 reddit.
979 1678 1124 1730 Longe
1170 1678 1418 1730 ampliffima
1469 1680 1636 1720 tandem
1683 1689 1723 1720 et
1757 1678 1890 1731 figura

437 1726 527 1776 fere
562 1738 760 1791 ellyptica
809 1740 982 1781 inferior
1017 1741 1090 1780 fitu
1126 1740 1422 1793 dexteriorque
1460 1738 1579 1780 finiul
1613 1742 1768 1783 excifio
1810 1743 1889 1790 est,

440 1807 569 1853 quam
602 1799 704 1842 bafis
737 1802 779 1841 in
813 1801 1034 1844 ventriculi
1070 1802 1406 1844 circumferentia
1455 1801 1583 1842 efficit
1626 1803 1731 1846 finus
1769 1817 1891 1844 vena-

565 1883 568 1886 ·
618 1874 622 1876 -
665 1869 669 1875 ·
1792 1878 1886 1905 rum

483 1999 545 2046 [ᾳ]
569 1999 654 2033 ται».
679 2003 720 2032 u.
747 1998 785 2033 B.
814 2002 850 2036 L.
875 2003 911 2038 z,

482 2054 533 2101 [h]
573 2054 643 2088 sab.
670 2051 710 2087 ΙΙ.
735 2055 760 2088 Ζ
797 2057 836 2090 Y.
863 2057 947 2092 Tab.
973 2055 1033 2092 111.
1056 2057 1098 2092 D.
1123 2057 1163 2093 Ε.

481 2109 527 2155 [r]
551 2109 636 2144 Tab.
663 2107 701 2142 ll.
729 2110 749 2141 1.
777 2111 811 2144 F.
839 2123 870 2154 9.

483 2169 542 2216 [A]
569 2166 644 2201 'rab
683 2171 724 2202 11.
749 2170 773 2202 1.

486 2227 543 2273 [e]
567 2225 654 2266 Tab,
679 2227 718 2262 11.
744 2225 903 2273 B.1L.⁴Z.
