2041 2738
913 187 1028 235 »ξε-ἐξ
1091 182 1236 236 )286
1271 185 1285 239 (
1348 188 1463 240 2223<-

457 294 540 331 eius
592 290 840 340 ventriculi,
883 303 993 344 ⁴qnae
1040 291 1163 333 mullo
1196 293 1352 334 scilicet
1393 294 1599 348 ,peculiari
1642 299 1913 353 fungerentur

454 352 621 402 officior,
677 355 746 395 nifi
783 364 854 404 vt,
890 355 1002 408 quod
1032 356 1086 396 de
1123 357 1318 399 omnibus
1353 369 1482 412 aeque
1514 357 1628 400 fibris
1664 365 1799 405 cordis
1834 367 1915 408 dici

453 417 622 472 potest„
662 419 713 459 ad
765 421 1092 461 contraaionem
1146 420 1370 463 ventriculi
1417 420 1524 462 suam
1562 423 1647 464 vim
1670 415 1916 470 ¹contribue-

453 490 570 529 rent,
620 492 686 522 eas
722 484 902 524 diuersos
940 483 1194 525 diuersarum
1232 486 1409 537 partium
1446 485 1650 527 musculos
1688 487 1809 530 fimul
1844 488 1918 532 effe

454 546 589 593 vides,
626 547 696 598 qui
727 546 868 598 finguli
905 555 1068 600 praeter
1103 560 1376 602 com-munem
1412 549 1634 590 ventriculi
1670 552 1921 593 contrastio·

455 620 553 648 nem
592 621 686 650 eum
726 622 894 662 quoque
943 623 1023 664 pro
1058 611 1120 651 his
1157 611 1344 665 partibus
1381 612 1459 651 suis
1505 614 1621 653 vsum
1668 615 1921 666 peculiarem

453 670 655 722 habeant,
691 683 761 723 vt,
813 674 933 715 solita
976 674 1049 715 illa
1083 675 1281 730 primaria
1316 675 1503 728 ratione,
1556 678 1819 720 transuersim
1855 692 1920 721 eas

454 746 590 791 partes
625 737 920 790 constringant,

626 845 848 900 Concursus
877 846 1079 898 fibrarum
1113 846 1153 886 in
1191 846 1345 887 afflone
1380 844 1500 901 vsus:
1535 847 1751 889 contramo

990 910 1032 950 in
1069 909 1211 950 varios
1234 909 1387 963 sensus.

645 990 796 1040 Alius,
832 1003 917 1031 non
955 992 1093 1032 minus
1128 991 1437 1039 memorabilis,
1479 991 1521 1030 in
1554 990 1779 1032 vniuersah'
1814 989 1919 1033 ven*

461 1053 599 1094 triculi
634 1056 918 1095 contr-afflone
963 1055 1133 1095 actionis
1178 1054 1378 1095 fibrarum
1417 1051 1584 1093 effectus
1622 1062 1662 1092 et
1701 1054 1918 1106 peculiaris

454 1119 511 1158 est
562 1116 657 1166 ille,
710 1118 779 1168 qui
815 1117 861 1158 ab
907 1127 1000 1158 ortu
1045 1117 1244 1158 fibrarum
1281 1129 1337 1157 ex
1372 1116 1523 1156 maiori
1559 1116 1920 1157 circumferentiae

454 1191 573 1234 parte
609 1189 652 1221 et
686 1181 885 1221 concursu
939 1193 1081 1221 earum
1130 1182 1175 1221 in
1224 1191 1384 1235 partem
1441 1181 1648 1220 minorem
1701 1179 1920 1232 dependet.

459 1244 561 1298 Quo
596 1244 822 1286 secundum
874 1244 1138 1286 latitudinem
1178 1257 1262 1284 non
1298 1244 1457 1296 modo,
1510 1244 1575 1283 led
1612 1242 1659 1282 ad
1696 1237 1924 1296 longitudi-

459 1320 555 1348 nem
594 1320 785 1360 quoque,
818 1309 1107 1362 ventriculus,
1159 1308 1226 1348 vel
1258 1308 1486 1361 generatim
1525 1306 1747 1346 secundum
1783 1306 1920 1360 plures

457 1370 764 1417 dimensiones,
814 1370 1090 1411 contrahitur.
1172 1369 1217 1409 ld
1254 1371 1343 1409 fieri
1380 1382 1462 1409 non
1499 1371 1650 1421 poffet,
1703 1369 1731 1407 fi
1768 1369 1919 1417 fibrae,

460 1433 543 1476 fiue
578 1432 794 1484 obliquae,
842 1432 925 1472 fine
961 1432 1239 1480 transuersae,
1293 1432 1696 1486 parallelaeomnes
1734 1433 1846 1471 inter
1881 1433 1919 1472 se

459 1510 482 1535 a
517 1506 634 1548 parte
686 1496 1044 1536 circumferentiae
1094 1496 1266 1535 dimidia
1315 1496 1444 1533 altera
1479 1495 1527 1533 ad
1564 1493 1736 1532 alteram
1789 1506 1920 1546 vsque

459 1558 826 1612 progrederentur.
907 1556 1032 1597 Nunc
1067 1569 1088 1595 a
1123 1556 1204 1595 basi
1247 1557 1426 1596 arteriae
1464 1553 1716 1608 pulmonalis
1768 1554 1920 1606 fibrae,

459 1636 482 1663 a
517 1621 597 1662 basi
631 1631 794 1669 aortae‚
846 1634 866 1659 a
900 1630 991 1660 toto
1039 1620 1164 1660 latere
1214 1619 1412 1660 anteriori
1471 1617 1573 1658 basis
1627 1616 1732 1659 finus
1785 1619 1921 1660 dextri

459 1698 613 1740 porro,
664 1685 809 1726 deinde
843 1683 891 1724 ab
945 1684 1030 1723 eius
1078 1683 1205 1723 latere
1258 1682 1502 1735 posteriori,
1553 1684 1669 1733 super
1720 1683 1918 1735 angulum

456 1750 594 1790 cordis
631 1749 672 1787 in
711 1749 969 1802 superiorem
1006 1747 1095 1786 eius
1147 1746 1402 1800 superficiem
1438 1745 1685 1798 productae,
1738 1747 1919 1800 denique

460 1816 588 1855 etiam
623 1826 644 1852 a
679 1813 770 1853 stria
807 1812 912 1865 septi
963 1814 1182 1866 oriuntur,
1234 1810 1350 1863 super
1387 1811 1617 1861 marginem
1664 1810 1919 1852 anteriorem

459 1877 503 1917 in
537 1877 795 1930 superiorem
851 1874 1105 1927 superficiem
1160 1873 1466 1914 adscendentes.
1551 1870 1642 1911 Hae
1694 1885 1838 1914 omnes
1872 1875 1916 1914 in

460 1940 585 1980 solam
620 1952 784 1979 crenam
821 1949 1102 1989 concurrunt,
1136 1938 1244 1979 haud
1278 1937 1393 1978 omni
1427 1946 1540 1975 ortus
1577 1935 1779 1986 ambitui,
1816 1938 1917 1990 quin

460 2002 536 2042 soli
569 2003 708 2055 potius
743 2003 886 2049 striae,
923 2002 1252 2054 respondentem.
1320 2000 1359 2039 A
1381 1998 1460 2041 bafi
1496 2011 1618 2051 erg0‚
1654 2000 1737 2039 fiue
1773 2014 1794 2040 a
1829 2014 1920 2054 par-

462 2074 502 2104 te
537 2066 777 2118 posteriori,
816 2064 987 2116 oblique
1037 2066 1303 2111 antrorsum,
1353 2075 1456 2115 quae
1492 2078 1511 2104 a
1547 2062 1703 2103 bafibus
1746 2066 1919 2104 arteria-

459 2142 551 2170 rum
590 2139 630 2168 et
663 2128 767 2170 smus
821 2129 1036 2177 oriuntur,
1092 2142 1112 2169 a
1147 2129 1291 2168 deXtra
1344 2136 1458 2179 parte
1510 2125 1650 2168 versus
1690 2127 1914 2178 finistram,

459 2204 565 2246 quae
601 2191 728 2235 fibrae
761 2192 1000 2247 angulares,
1052 2206 1074 2232 a
1109 2191 1182 2234 filo
1217 2190 1490 2244 cartilagineo
1524 2191 1742 2247 posteriori
1777 2201 1915 2240 ortae,

1796 2254 1915 2307 super
