2041 2738
600 221 717 275 »2033
777 219 989 278 2251(
1050 224 1167 277 &202⁴-

155 345 322 379 ramum
375 334 615 390 producunt
665 334 1006 378 anastomoticum
1044 332 1153 394 [a],
1208 339 1385 391 denique
1416 351 1441 380 a
1471 350 1626 394 magna

155 400 352 442 'craffiore
388 409 507 454 parte
540 399 596 441 fili
631 400 882 452 cartilaginei
916 402 1150 456 posterioris
1184 402 1326 465 sinistri
1358 402 1460 456 [b].
1535 402 1628 444 Fle-

155 466 292 507 xuoso
327 465 450 507 due'tu
484 464 580 506 hinc
615 474 658 505 et
692 465 892 507 vndulato
926 465 1031 508 latae
1065 468 1297 522 crassaeque
1327 466 1455 510 fibrae
1480 469 1623 510 versus

144 530 316 584 ‘apicem
354 529 696 583 progrediuntur,
733 531 850 583 saepe
885 530 969 572 aliis
1004 533 1125 587 super
1160 531 1254 573 alias
1290 531 1623 591 transeuntibus,

150 594 455 637 discedentibus
490 594 606 648 saepe
646 593 876 635 binis·alii·s
911 608 934 635 a
964 596 1002 635 se
1039 607 1215 648 mutuo,
1262 588 1490 650 denuoque
1523 607 1626 638 con·

150 660 315 708 iubetis,
359 656 508 698 insulas
544 656 656 710 quafi
691 656 964 699 formantibus
998 659 1200 708 inclusas,
1233 661 1495 715 crispamque
1529 672 1623 716 pas-

153 723 230 765 sim
269 721 534 776 superficiem
574 721 696 760 striae
733 720 978 763 facientibus
1017 722 1104 776 [c].
1171 723 1291 778 Quae
1331 726 1496 778 primae
1520 726 1627 767 dex-

150 787 280 828 'terius
314 800 337 825 a
371 785 445 825 filo
481 784 752 838 cartilaginea
785 786 939 825 dextro
975 787 1017 825 in
1057 787 1194 827 striam
1232 788 1512 837 descendunt,
1556 790 1622 842 ip—

149 851 238 892 sum
277 851 509 904 marginem
546 849 635 889 eius
672 857 804 902 prope
841 848 949 889 bafin
987 849 1216 891 efficientes
1251 851 1484 901 dextrum,
1535 853 1625 906 priv

149 918 244 956 mae
277 923 448 968 quoque
481 912 677 955 deserunt
712 909 865 962 striam,
900 914 1165 956 dextrorsum
1200 915 1334 957 flexae
1369 915 1450 970 [d]
1484 916 1533 957 ad
1551 928 1625 957 an-

145 978 293 1033 gulum
328 978 414 1019 fere
442 1010 453 1031 ,
487 988 535 1019 vt
571 979 747 1026 monui,
784 978 973 1028 testum,
1009 980 1051 1020 in
1087 979 1209 1021 fibras
1244 981 1510 1022 transuerfim
1532 981 1623 1023 tabe

146 1043 265 1084 vndo
315 1042 454 1084 dextri
506 1042 746 1084 ventriculi.
813 1043 917 1084 lude
963 1055 1050 1095 quo
1083 1047 1279 1088 oriuntur
1312 1045 1530 1088 sinisterius
1566 1056 1622 1089 ex

149 1107 243 1156 filis,
278 1105 512 1160 longiorem
551 1109 594 1147 in
629 1106 726 1146 stria
761 1115 923 1160 partem
964 1108 1180 1149 succeffiue
1218 1120 1476 1162 percurrunt,
1510 1109 1619 1152 vlte-

151 1171 392 1224 rioresque,
437 1170 673 1223 marginem
720 1172 966 1224 occupando
999 1173 1220 1222 dextrum,
1258 1186 1280 1212 a
1314 1174 1490 1215 caeteris
1525 1186 1622 1229 pet·

149 1234 342 1289 gentibus
377 1234 610 1284 discedunt,
652 1233 856 1288 fibrasque
891 1234 1075 1277 efficiunt
1107 1237 1215 1290 apici
1253 1238 1479 1291 propiores
1514 1249 1621 1279 ven·

146 1300 296 1341 triculi
330 1298 465 1339 deXtri
503 1296 551 1351 [e
575 1297 612 1349 ].
681 1295 806 1339 Vnde
843 1301 1047 1341 continuo
1084 1301 1233 1340 amiffis
1271 1300 1385 1340 fibris
1407 1300 1622 1354 angustior

147 1363 244 1404 stria
288 1362 487 1402 redditur.
563 1361 631 1404 Ad
665 1361 800 1414 ipsum
846 1364 1005 1415 apicem
1042 1365 1085 1404 in
1121 1363 1282 1417 aliquot
1316 1364 1460 1404 crassas
1495 1365 1619 1408 fibras

144 1421 352 1468 distinctas
404 1424 556 1467 caudae
608 1425 787 1475 equinae
823 1425 945 1468 instar
979 1427 1153 1470 vltimae
1189 1428 1482 1483 disperguntur
1516 1424 1619 1487 [f],

147 1503 253 1546 quae
288 1486 441 1545 pa'riter
475 1490 746 1531 dextrorsum
782 1489 918 1531 flexae
950 1489 1068 1534 fibras
1102 1492 1228 1546 apicis
1262 1493 1513 1550 producunt.

238 1613 463 1670 Descriptio
489 1613 739 1668 fingularurn
766 1614 1006 1672 fasciarum.
1070 1618 1226 1661 Earum
1261 1621 1523 1663 enumeratio.

340 1693 455 1734 Haec
488 1692 705 1747 dispofitio
738 1706 860 1747 ergo,
890 1693 960 1735 hic
997 1707 1151 1748 nexus,
1185 1696 1255 1738 hic
1289 1707 1403 1739 ortus
1438 1704 1478 1740 et
1509 1693 1620 1751 finis,'

149 1758 346 1800 fibrarum
382 1767 654 1799 externarum
691 1758 918 1801 ventriculi
942 1759 1085 1800 dextri
1105 1761 1146 1801 in
1168 1762 1428 1803 vniuersum.
1480 1765 1617 1805 Tran-

151 1824 219 1865 seo
253 1824 304 1864 ad
340 1823 702 1865 enumerationem
740 1822 1152 1880 descriptionemque
1187 1826 1442 1881 singularum
1473 1827 1617 1870 fascia-

838 1890 857 1928 Ι
879 1888 894 1928 i
930 1901 955 1927 2
1502 1904 1615 1934 rum.

144 1979 1612 2001 Ἣ

195 2035 257 2083 [α]
284 2035 360 2069 Tab.
386 2033 432 2073 Ill,
459 2044 494 2080 4.

194 2094 246 2140 [la]
274 2093 350 2128 Tab
388 2091 428 2127 m.
463 2095 493 2127 6.
528 2096 560 2129 6.

193 2154 239 2202 [c]
270 2154 302 2185 T
307 2153 354 2187 ab.
380 2151 426 2186 lll.
454 2153 508 2190 76.
534 2164 586 2197 77,
611 2158 668 2198 78.

193 2208 248 2260 [d]
275 2210 361 2248 Tab.
387 2208 423 2244 lli
449 2220 490 2254 55.

198 2274 246 2321 [c]
276 2264 430 2306 Tabjffl.
466 2279 497 2314 7.
524 2271 580 2316 63.

196 2329 259 2378 [J]
288 2326 374 2365 Tab.
398 2325 440 2364 111.
466 2336 516 2372 72.
541 2334 597 2371 74.
622 2332 670 2371 75.
