2041 2738
847 216 961 266 »2013
1025 211 1223 271 >moi
1285 216 1402 268 sta«-

400 330 610 385 quantitas
661 325 805 369 vocari
851 324 982 367 soleat
1029 338 1158 367 omne
1193 327 1233 367 id
1266 329 1379 382 quod
1414 330 1483 370 vel
1517 330 1660 386 augeri
1694 335 1763 377 vel
1799 339 1859 381 di-

401 395 532 436 minui
585 391 745 446 potest‚
799 389 988 443 nihilque
1039 393 1260 444 impediat,
1315 395 1538 446 quominus
1575 399 1623 437 ad
1659 402 1862 455 imagina-

401 460 511 500 rium
547 470 573 500 z
609 456 814 510 quantitas
849 455 970 497 realis
1004 470 1030 497 a
1064 457 1252 506 addatur,
1286 458 1414 498 etiam
1449 457 1529 500 hoc
1565 459 1695 513 ipsum
1721 477 1747 505 z
1772 479 1862 508 me-

402 525 487 565 rito
523 522 569 562 ad
606 520 855 575 quantitates
891 519 1123 565 referimus,
1205 524 1390 562 Tantum
1442 523 1574 563 coaeti
1611 525 1740 568 sumus
1775 529 1862 570 duo

401 599 556 641 genera
592 586 872 639 quantitatum
912 586 1185 628 constituere:
1238 585 1415 629 alterum
1468 587 1618 630 scilicet
1663 589 1862 643 realium,

400 651 581 693 alterum
616 649 973 705 imaginariarum.

589 811 622 859 §.
663 819 700 858 5.
765 807 843 853 His
881 808 921 848 in
959 805 1128 848 transitu
1181 804 1431 854 obseruatis,
1489 805 1657 848 euidens
1693 806 1750 847 est
1786 806 1869 848 for-

399 876 563 919 mulam
600 881 777 921 a-'r-z,
834 872 991 913 etiamsi
1036 870 1217 912 infinitas
1270 871 1566 924 compleffiatur
1615 873 1866 924 quantitates

400 940 683 995 imaginarias,
747 948 830 977 tam
885 937 998 979 inter
1034 938 1072 977 se
1123 948 1248 989 qnam
1301 936 1349 977 ab
1399 936 1570 976 assumta
1605 948 1631 975 z
1669 936 1867 985 diuersas,

401 1005 564 1063 (vtique
599 1004 711 1043 enim
751 1001 958 1042 diuerfitas
995 1003 1105 1041 inter
1157 999 1418 1052 imaginarias
1455 1002 1707 1051 quantitates
1747 999 1868 1040 statui

400 1070 547 1116 debet,
599 1067 799 1120 quoniam
838 1077 981 1105 earum
1018 1063 1270 1105 differentias
1307 1064 1503 1115 affignare
1538 1060 1752 1117 valemus)
1805 1074 1867 1104 ta-

403 1146 502 1176 men
541 1144 625 1170 non
663 1142 812 1170 omnes
877 1128 998 1181 plane
1050 1129 1302 1180 quantitates
1356 1128 1622 1178 imaginarias
1657 1128 1870 1180 complec-

403 1199 450 1240 ti.
538 1193 736 1237 Formula
788 1193 900 1232 enim
954 1191 1025 1233 bz
1079 1192 1206 1232 etiam
1261 1190 1445 1232 infinitas
1506 1190 1606 1230 tales
1659 1192 1870 1244 quantita-

402 1271 465 1303 tes
500 1260 542 1300 in
580 1260 614 1300 se
648 1256 968 1311 compledtitur,
1018 1267 1197 1309 quarum
1254 1265 1395 1295 tamen
1431 1267 1480 1295 ne
1525 1258 1645 1296 vnica
1695 1254 1870 1306 quidem

401 1325 445 1366 in
478 1328 617 1377 priore
650 1333 800 1375 genere
835 1322 1104 1361 continetur.
1157 1318 1185 1358 fi
1221 1319 1333 1391 enim
1387 1320 1511 1361 vnico
1559 1329 1721 1359 tantum
1775 1318 1869 1358 casu

377 1389 500 1429 effer
536 1383 875 1433 a—l-z—bz‚
909 1384 1019 1425 foret
1052 1382 1287 1443 zzb—‚

396 1470 473 1518 lis,
515 1475 665 1508 contra
700 1461 965 1517 hypothesin.

590 1610 626 1658 ξ.
661 1611 708 1648 6.
775 1604 996 1660 Quoniam
1041 1603 1167 1657 igitur
1202 1611 1380 1657 Vtraque
1432 1604 1610 1646 formula
1643 1614 1792 1654 a—-l-z*
1826 1615 1869 1648 et

403 1673 472 1718 bz
510 1672 673 1715 infinita
710 1673 896 1713 continet
952 1671 1198 1722 imaginaria
1242 1669 1351 1708 inter
1384 1669 1422 1709 se
1457 1670 1638 1716 diversa,
1687 1670 1871 1713 formula.

401 1745 510 1796 11.ss
536 1737 634 1791 bz,
684 1748 788 1788 quae
837 1745 1063 1787 Vtramque
1111 1732 1433 1786 compleffitur,
1482 1731 1686 1774 infinities
1739 1734 1870 1776 adhuc

403 1806 542 1859 plures
577 1812 703 1856 quam
740 1800 936 1842 alterutra
975 1799 1314 1851 praecedentium
1370 1797 1552 1838 inuoluat
1604 1800 1759 1838 necesse
1797 1799 1869 1840 est.

404 1869 614 1911 Maxime
639 1866 767 1914 igitur
802 1862 1017 1915 probabile
1051 1863 1242 1915 videtur,
1279 1859 1387 1900 hanc
1424 1861 1626 1900 formam:
1662 1860 1871 1916 bssaz,

405 1944 554 1973 omnes
589 1930 713 1983 plane
750 1928 1001 1979 quantitates
1038 1925 1325 1978 imaginarias,
1366 1936 1473 1976 quae
1507 1925 1677 1977 quidem
1713 1926 1755 1964 in
1789 1926 1870 1966 cal-

405 1997 503 2039 culo
537 2004 721 2043 vnquam
755 2002 977 2031 occurrere
1014 1991 1201 2042 potsunt,
1246 1990 1287 2028 in
1323 1988 1359 2028 se
1395 1988 1643 2040 complefti3
1698 1991 1807 2040 quod
1841 1989 1872 2030 fi

407 2057 685 2101 demonstrari
738 2054 891 2108 poffet,
943 2052 1166 2094 haberetur
1201 2053 1320 2093 simul
1352 2053 1531 2104 perfedta
1569 2053 1872 2093 demonstratio

406 2121 706 2166 Theorematis
758 2117 971 2172 propositi.
1041 2114 1151 2158 Cum
1187 2118 1297 2156 enim
1333 2129 1358 2156 z
1397 2120 1706 2171 quodcunque
1723 2119 1875 2169 imagi-

407 2191 572 2230 narium
636 2183 848 2237 designet,
894 2181 979 2222 illa
1036 2182 1166 2222 forma
1230 2194 1254 2221 α
1280 2185 1334 2221 —l—
1369 2179 1444 2220 bz
1505 2195 1599 2222 cum
1664 2181 1873 2235 proposita

410 2248 696 2304 A÷Bv-
723 2260 766 2287 τ
779 2246 959 2303 peifeste
991 2248 1217 2287 conuenire
1251 2231 1450 2288 cenlenda
1483 2246 1549 2287 est.

1760 2309 1794 2358 §-
1829 2317 1871 2357 7.
