2041 2738
877 196 991 245 »θεῖς
1055 189 1202 247 >226
1237 179 1267 248 t
1314 188 1430 245 eze<-

423 301 635 347 fasciculus
667 314 688 343 a
723 299 938 349 fasciculo,
994 301 1114 344 fascia
1152 316 1174 342 a
1224 301 1368 351 fascia,
1421 302 1607 356 fibraque
1643 319 1666 346 a
1701 300 1820 358 fibra}
1855 323 1879 349 a

424 366 631 421 principio
658 365 730 404 suo
764 365 811 404 ad
845 363 972 405 finem
1000 377 1146 418 Vsque,
1182 365 1402 407 secundum
1441 368 1747 420 longitudinem
1775 371 1874 413 solui

425 438 467 469 et
502 430 678 482 separari
727 438 861 480 queat.
945 428 1035 469 Vix
1079 442 1168 483 pars
1207 429 1262 470 est
1297 429 1476 469 fasciculi
1513 438 1580 472 aut
1610 430 1769 480 fasciae,
1801 435 1878 475 vix

423 493 622 547 pune'tum
660 491 701 532 in
737 491 925 532 vniuersa
978 492 1065 531 eius
1118 492 1352 545 superficie,
1404 504 1489 545 quo
1544 505 1624 534 non
1675 495 1881 537 fasciculus

425 564 522 596 cum
556 554 628 594 suo
662 554 805 593 vicino
848 553 1069 603 fasciculo,
1119 565 1189 596 aut
1241 555 1359 595 fascia
1395 568 1490 595 cum
1529 556 1664 607 fascia,
1700 555 1882 609 fibraque

426 616 524 658 cum
562 616 680 666 fibra,
717 618 859 669 aliquo
898 618 1026 659 modo
1062 619 1394 660 connecteretun
1459 617 1529 660 Ad
1561 619 1720 672 duplex
1755 620 1796 659 in
1834 631 1886 659 v-

425 681 638 721 niuersum
674 682 827 735 opinor
860 693 990 733 ‘genus
1028 681 1318 733 importunum
1375 681 1511 730 hunc,
1564 682 1754 734 quamuis
1807 683 1884 722 mi-

427 757 503 784 nus
541 744 820 797 perspectum,
858 744 1103 784 anatomicis
1141 757 1328 797 nexum,
1375 757 1460 796 quo
1494 757 1641 785 omnes
1675 746 1808 787 cordis
1845 754 1888 786 et

425 808 587 848 finuum
621 806 746 847 fibrae
782 819 864 847 non
901 807 1212 859 complicantur
1265 808 1393 848 modo
1428 808 1538 847 inter
1579 810 1640 857 fe,
1694 807 1756 849 sed
1793 808 1881 849 fere

428 870 684 919 coalescunt,
738 869 884 922 etqui
930 879 1062 910 tantas
1115 871 1276 922 peperit
1326 871 1599 922 cognoscendi
1645 869 1718 910 has
1762 870 1884 911 fibras

429 936 658 985 earumque
710 943 895 974 naturam
932 942 973 972 et
1010 933 1202 973 ordinem
1239 932 1528 983 difficultates,
1578 933 1714 974 reduci
1760 934 1885 986 posse.
1922 951 1924 955 ·

429 996 629 1037 Alterum
667 995 748 1044 est,
799 1008 883 1048 quo
917 994 1067 1035 finibus
1105 999 1182 1036 suis
1233 995 1410 1036 fasciculi
1453 995 1674 1043 fibrarum,
1728 1006 1793 1036 aut
1829 998 1890 1035 fa·

429 1061 560 1106 seiae,
613 1059 655 1098 in
691 1070 789 1109 quas
839 1057 966 1097 fibrae
1002 1058 1280 1110 colliguntur,
1333 1066 1405 1096 aut
1455 1057 1643 1098 fasciolae
1680 1059 1886 1105 minores,

431 1121 579 1174 quibus
615 1122 731 1174 saepe
769 1121 941 1160 maiores
977 1119 1120 1161 fasciae
1167 1120 1385 1168 constant,
1436 1131 1519 1158 non
1574 1121 1617 1159 in
1653 1131 1778 1159 vnam
1814 1119 1889 1158 ali-

429 1190 580 1237 quam,
616 1182 810 1223 omnibus
844 1195 1142 1231 communem,
1177 1191 1219 1222 et
1253 1182 1302 1221 ab
1337 1182 1384 1221 iis
1420 1182 1649 1230 diuersam,
1703 1190 1890 1236 partem,

431 1248 496 1287 sed
533 1248 638 1289 inter
673 1247 710 1286 se
746 1255 891 1287 mutuo
943 1246 1069 1297 ipsas,
1119 1247 1449 1298 coniunguntur3
1502 1255 1547 1286 vt
1599 1246 1678 1286 alia
1725 1246 1773 1286 ab
1809 1246 1888 1287 alia

432 1310 597 1349 fasciola
650 1319 740 1349 orta
775 1310 827 1358 in*
853 1309 974 1347 aliam
1012 1309 1049 1348 se
1082 1309 1255 1357 inserat,
1309 1306 1516 1349 fasciculus
1568 1309 1668 1349 alius
1709 1309 1757 1347 ab
1805 1309 1886 1350 alio

433 1372 658 1426 productus
695 1375 735 1410 iu
785 1371 908 1410 alium
963 1383 1094 1423 porro
1147 1373 1322 1410 transeat
1370 1370 1635 1420 fasciculum3
1685 1371 1889 1420 alterum,

435 1448 520 1488 quo
555 1429 732 1486 singulae
781 1433 936 1482 fibrae,
985 1433 1064 1473 fiue
1100 1433 1261 1473 mediae
1296 1432 1448 1472 fuerint
1484 1432 1625 1474 fasciae
1668 1443 1738 1473 aut
1774 1435 1890 1474 fasci-

435 1499 519 1538 culi
555 1497 760 1545 cuiusuis,
798 1509 901 1547 quae
935 1509 1028 1536 eum
1069 1495 1277 1543 efficiant,
1314 1495 1396 1534 fine
1431 1505 1644 1534 extremae
1677 1498 1889 1548 vanique,

435 1573 537 1612 quae
574 1560 727 1598 limites
764 1559 1050 1598 fi1sciciili.aut
1086 1558 1231 1597 fasciae
1268 1556 1525 1605 describunt,
1580 1557 1772 1598 lateribus
1810 1559 1888 1599 suis

436 1625 546 1662 inter
583 1624 616 1662 se
651 1632 690 1661 et
728 1634 821 1661 cum
860 1617 1068 1674 proximis
1102 1620 1173 1659 fibi
1206 1620 1426 1659 cohaerent
1462 1628 1533 1657 aut
1569 1621 1892 1674 connesttintur3

436 1697 482 1725 vt
521 1685 695 1738 singulae
731 1683 856 1724 fibrae
893 1696 976 1723 non
1015 1684 1167 1731 modo,
1224 1683 1289 1722 sed
1324 1682 1465 1722 fasciae
1502 1691 1543 1720 et
1576 1682 1754 1723 fasciculi
1789 1698 1893 1737 quo-

437 1762 543 1802 que,
603 1758 643 1787 et
681 1759 947 1799 quaecunque
984 1743 1037 1785 ob
1072 1746 1272 1786 diuersam
1311 1745 1481 1796 figuram
1519 1747 1692 1785 nominc-1
1729 1759 1891 1800 partes,

437 1825 539 1864 quas
575 1812 818 1851 coniund'tae
857 1810 984 1849 fibrae
1037 1808 1251 1857 efficiunt,
1302 1809 1488 1850 obtinere
1533 1808 1679 1858 poffint
1716 1820 1756 1849 et
1788 1811 1890 1850 sole-

438 1886 532 1924 ant,
586 1874 691 1928 ipsae
745 1874 823 1913 hac
867 1873 1083 1927 posteriori
1135 1876 1296 1914 ratione
1350 1883 1473 1911 nexus
1525 1873 1634 1911 iuter
1668 1871 1704 1912 se
1742 1885 1887 1917 mutuo

437 1938 757 1988 coniungantur.

437 2016 602 2071 Fasct'ae
626 2016 914 2071 safilolaeqzce,
944 2022 1016 2068 per
1036 2027 1090 2055 vei
1105 2016 1326 2058 tremimus
1359 2016 1492 2057 variis
1526 2017 1646 2057 modis
1683 2028 1888 2060 connexae.

1057 2077 1271 2121 Serratim.

626 2140 766 2181 Variis
821 2152 929 2180 nunc
975 2143 1134 2189 modis,
1187 2154 1274 2182 tum
1313 2144 1383 2188 qui
1418 2141 1589 2196 singulas
1627 2143 1736 2183 inter,
1770 2142 1890 2182 fibras

439 2205 628 2256 obtinet,
679 2217 808 2245 nexus
841 2202 1037 2253 efficitur,
1073 2216 1160 2245 tum
1195 2218 1278 2258 quo
1313 2205 1456 2245 fasciae
1492 2217 1532 2245 et
1567 2205 1741 2247 fasciculi
1776 2218 1891 2244 com-

1737 2268 1895 2320 plican-
