2041 2738
566 193 681 244 ‘’5³3ss
752 188 947 248 )-283(
1013 189 1136 245 &2234

112 303 261 360 primis
295 302 349 345 'et
380 314 538 347 nonam
572 304 791 356 fasciolam⁸
814 305 1079 360 producunt,
1115 303 1293 358 septima
1326 308 1437 350 inter
1469 308 1575 352 vici-

104 383 130 419 ῃ
151 382 179 429 3
230 378 488 423 emergente,
524 377 567 410 et
601 369 644 410 in
678 370 837 411 sextam
872 381 1041 424 quoque
1075 368 1238 411 inserta.

591 495 691 537 Tab.
727 495 760 538 Ι.
798 507 867 546 50.
908 505 979 544 52.
1019 506 1093 545 53.

298 581 411 623 Haec
446 593 600 635 nempe
636 584 771 622 tenuis
808 582 1058 624 breuiffimis
1093 583 1141 623 ad
1179 582 1411 636 marginem
1446 577 1581 624 fibril·

110 643 158 685 lis
198 645 277 700 [a]
313 647 488 698 septima
522 647 673 692 oritur,
709 657 765 684 ex
799 645 912 684 fibris
931 646 1103 686 oetan-ae
1122 647 1441 699 prodeuntibus,
1467 645 1576 685 obli-

112 721 193 762 que
227 709 366 749 versus
402 707 512 750 basin
549 707 899 755 adscendentibus,
937 718 980 747 et
1013 709 1056 747 in
1083 721 1210 750 vnam
1230 712 1408 750 demum
1428 709 1576 749 fibram

111 773 322 818 collectis,
360 784 465 823 quae
499 782 608 810 nunc
644 770 906 811 transuersim
947 769 995 810 ad
1033 783 1201 812 crenam
1237 773 1419 819 ducitur,
1454 771 1576 811 etin-

110 835 251 876 fimam
287 833 483 874 fibrarum
520 834 642 875 huius
677 834 871 875 fasciolae
907 833 1045 875 efficit.
1111 834 1311 886 Reliquae
1343 835 1574 889 superiores

110 900 177 939 seu
210 899 454 951 posteriores
492 897 620 939 fibrae
656 899 726 940 sub
761 897 874 938 fibris
909 899 1047 940 sextae
1090 899 1283 940 fasciolae
1329 907 1573 950 emergunt,

109 962 357 1003 descendunt
389 963 530 1015 primo
567 962 735 1016 oblique
756 993 767 1012 ,
814 964 1053 1016 iterumque
1086 963 1361 1013 adscendunt,
1407 973 1575 1015 vnaque

108 1037 204 1067 cum
256 1025 401 1066 infima
451 1026 493 1066 in
549 1027 720 1067 eandem
766 1025 923 1068 sextam
959 1028 1193 1069 inseruntur
1234 1027 1342 1081 [b].
1407 1025 1575 1066 Vltima

110 1100 216 1129 vero
261 1088 396 1129 sextae
439 1089 543 1129 fibra
582 1088 681 1142 [c]v,
733 1100 779 1129 vt
823 1091 978 1130 multae
1010 1092 1350 1143 praecedentium
1386 1089 1577 1130 fasciola-

112 1162 222 1199 rum,
259 1152 436 1204 receptis
473 1153 670 1205 septimae
705 1151 840 1202 fibris,
877 1154 960 1193 sola
994 1156 1132 1196 tenuis
1168 1156 1289 1208 super
1323 1165 1494 1196 crenam
1529 1151 1573 1194 in

110 1215 328 1256 ventriculi
363 1215 510 1257 sinistri
546 1215 804 1270 superficiem
844 1219 1000 1263 transit.

536 1340 637 1380 Tab.
672 1340 702 1381 1.
742 1346 811 1389 5'2.
852 1350 922 1390 54.
965 1350 1036 1389 55.
1077 1345 1148 1390 56.

299 1420 462 1464 Οὸῒηυει
514 1422 775 1476 triangularis
828 1434 946 1475 parte
998 1424 1125 1465 altera
1160 1421 1340 1475 oblonga
1371 1421 1569 1464 inferiore

110 1487 309 1541 primaria
342 1486 447 1538 [d],
499 1486 623 1525 altera
673 1486 889 1537 superiore
940 1488 1005 1528 seu
1040 1489 1268 1539 posteriorc
1305 1485 1375 1537 [e]
1413 1486 1569 1527 constat

112 1550 346 1589 accedente.
415 1547 493 1586 Illa
525 1547 733 1599 principio
769 1549 938 1600 angusto
974 1563 995 1587 a
1032 1551 1219 1601 margine
1239 1551 1281 1586 in
1303 1548 1568 1600 superficiem

110 1612 251 1666 prodit
294 1610 563 1663 superiorem.
611 1605 898 1664 ‘Progreditur
934 1623 1122 1653 accurate
1157 1611 1419 1652 transuerfim
1457 1610 1570 1651 fibris

111 1676 265 1716 leniter
301 1674 507 1714 vndulatis
543 1675 590 1716 ad
628 1686 825 1723 crenam,
870 1675 912 1715 in
946 1688 1068 1728 quarn
1105 1674 1394 1717 descendendo
1429 1674 1569 1715 versus

115 1739 275 1790 apicem
321 1739 524 1778 inseritur.
607 1737 805 1791 Superior
841 1751 930 1792 pars
964 1739 1062 1780 huic
1097 1739 1242 1789 fibris,
1294 1738 1363 1780 sub
1398 1738 1569 1792 septima

115 1802 281 1843 fasciola
317 1800 630 1856 prodeuntibus,
667 1802 882 1843 successiue
919 1804 1096 1854 accedit,
1132 1803 1388 1858 figuramque
1423 1801 1572 1843 fascio-

760 1865 848 1907 Νι]
889 1880 912 1906 2
1507 1866 1570 1908 lae

162 2012 223 2059 [a]
250 2012 326 2046 Tab.
354 2018 378 2051 Ι.
405 2025 452 2058 52.

163 2069 215 2116 [lv]
243 2070 318 2103 ‘sab
356 2077 377 2107 Ι,
413 2083 456 2115 53.

162 2126 208 2173 [c]
239 2126 322 2160 Tab.
350 2126 377 2160 Ι.
404 2139 447 2172 ςῐ.

163 2185 231 2231 [d]
258 2185 343 2222 Tab.
372 2191 385 2221 Ι
423 2197 466 2229 5²-
493 2198 542 2233 54.
567 2192 615 2234 56.

165 2243 228 2291 [e]
257 2244 343 2281 Tab.
370 2249 391 2281 1.
427 2256 468 2291 55.
