2041 2738
582 207 696 260 -3253
759 202 786 275 l¹
813 198 955 263 223(
1017 204 1133 266 &esf-

124 332 178 362 xa
212 316 287 360 sua*
310 315 513 359 *anteriori
548 316 762 369 superficie
787 316 1006 359 fasciculos
1052 315 1189 356 habet.
1256 313 1316 356 At
1350 310 1412 355 isti
1448 314 1580 355 inter-

122 384 166 424 ni
203 383 318 429 sunt,
352 380 473 421 nullis
509 381 604 422 test-i
637 380 753 421 fibris
789 385 835 423 in
868 381 945 420 hac
979 381 1068 421 sede
1105 382 1312 426 externis,
1351 391 1455 431 quae
1491 390 1580 418 cae-

122 455 232 486 teras
276 445 380 486 sin-us
415 454 457 484 et
495 445 700 500 auriculae
750 455 881 498 partes
932 443 1132 496 fasciatim
1188 452 1362 496 teg-unt‚-
1408 443 1449 483 in
1496 441 1580 481 sola

119 502 200 549 hac
245 509 332 548 sede
366 507 576 549 deficiunt.
655 507 847 548 lnternae
888 507 997 563 ‘finus
1042 505 1186 546 sinistri
1223 505 1425 558 egregiis,
1475 516 1576 556 quas

121 571 334 614 efficiunt,
370 570 500 610 fasciis
535 584 710 611 omnem
753 569 1013 624 superficiem
1060 570 1267 610 internam
1305 569 1411 608 finus
1445 567 1606 608 obdu-.

120 644 230 675 cunt.
296 626 342 676 In
379 634 465 674 solo
497 635 649 673 dextro
691 634 774 675 sinu
822 633 966 672 fasciae
1021 645 1116 672 curn
1167 632 1365 673 fasciculis
1417 632 1577 671 mixtae

120 699 198 737 effe
232 697 438 736 videntur.
504 697 548 737 Si
584 708 685 736 vero
722 695 950 735 accuratius
986 707 1051 733 res
1088 696 1398 746 consideratur,
1453 707 1578 747 appa-

118 770 207 808 ret,
242 761 281 799 in
318 760 400 798 sola
438 758 620 798 auricula
659 758 897 804 fasciculos,
946 757 1082 796 fascias
1117 768 1265 797 contra
1301 759 1342 796 in
1379 759 1575 797 omnibus

118 824 168 864 iis
206 822 361 863 sedibus
397 819 501 868 effe,
548 833 653 872 quae
689 822 737 860 ad
775 821 906 859 finum
957 821 1181 871 pertinent.
1250 819 1295 858 Id
1331 820 1463 870 ipsum
1501 830 1575 858 ve-

114 898 162 939 ro
197 886 239 925 in
280 884 365 923 sinu
399 894 565 935 quoque
601 883 762 926 finistro
797 883 1052 923 obseruatur.
1123 881 1269 923 Fasciis
1316 881 1446 928 finus,
1501 893 1603 922 au-¹

114 947 241 989 ricula
276 945 502 996 fasciculis,
561 947 753 988 instructa
798 947 864 988 est.
949 944 1087 986 Modo
1122 956 1167 986 vt
1204 958 1349 999 magna
1395 944 1578 987 auricula

114 1012 290 1061 dextro,
341 1021 465 1062 parua
503 1009 684 1060 finisti-o,
738 1023 833 1050 curn
869 1009 916 1048 fit
952 1009 1141 1050 adiuncta
1176 1010 1300 1060 smui;
1353 1009 1576 1063 plusquam

115 1074 289 1114 dimidia
341 1084 434 1125 pars
486 1071 683 1113 fibrarum
733 1073 841 1112 finus
878 1074 1016 1111 dextri
1050 1075 1091 1112 in
1129 1073 1344 1113 fasciculos
1405 1072 1576 1113 collecta

115 1136 192 1183 fit,v
240 1136 423 1174 maxima
456 1134 580 1187 longe
614 1135 760 1176 sinistri
798 1138 838 1176 in
876 1134 1043 1183 fascias3
1099 1148 1175 1176 nec
1220 1136 1328 1177 vllus
1365 1137 1405 1177 in
1442 1135 1572 1175 hocce

113 1197 353 1246 fasciculus,
390 1196 462 1237 nifi
494 1210 620 1250 parua
652 1198 834 1240 auricula
866 1198 1091 1250 aperiatur,
1143 1208 1351 1251 appareat.
1437 1198 1571 1239 Inter·

113 1274 191 1302 nae
226 1274 327 1313 ergo
360 1260 520 1300 smuum
555 1259 678 1302 fibrae
712 1263 908 1302 fasciatim
947 1262 988 1303 in
1024 1260 1109 1301 finu
1144 1273 1324 1315 vttoque
1359 1261 1473 1315 ipso,
1509 1260 1570 1301 fa-

111 1323 340 1366 sciculatim
377 1325 420 1363 in
454 1324 643 1364 auricula·
676 1334 848 1377 vt-raque
882 1323 1099 1378 dispositae
1136 1323 1238 1366 sunt.

110 1442 340 1501 F'asciarum
363 1442 721 1501 fasciculorumque
755 1453 792 1484 et
817 1443 1021 1496 fibrarum
1056 1442 1297 1497 compl1'catio
1330 1445 1370 1485 in
1406 1442 1569 1485 vniuer-

188 1521 292 1576 sum.
358 1521 517 1574 Duplex
548 1519 853 1571 complicationis
885 1532 1023 1573 genus.
1090 1521 1165 1560 Per
1199 1519 1484 1561 extremitates.

598 1594 675 1631 Per
706 1592 836 1633 lutera
861 1593 1075 1644 fibrarum.

297 1685 409 1726 Haec
442 1686 611 1737 propria
644 1698 743 1738 ergo
774 1696 815 1727 ct
850 1686 1064 1738 singularis
1114 1684 1311 1726 fibrarum
1348 1686 1483 1728 cordis
1521 1695 1562 1727 et

114 1749 273 1789 sinuum
310 1751 350 1788 in
388 1749 625 1788 vniuersum
661 1749 871 1802 dispositio
907 1751 982 1789 effe
1020 1750 1190 1789 videtur.
1254 1747 1398 1789 Altera
1432 1751 1559 1789 etiam

114 1816 247 1865 magis
284 1812 416 1854 multo
452 1810 643 1851 notabilis
680 1815 914 1865 proprietas
951 1825 1093 1854 earum
1132 1812 1430 1853 intricatisiima
1460 1826 1558 1853 con-

113 1876 241 1916 nexio
277 1877 355 1924 est,
408 1889 487 1929 qua
536 1877 648 1914 inter
681 1875 719 1916 se
759 1886 907 1915 mutuo
945 1875 1067 1915 fibrae
1111 1876 1353 1927 iunguntur.
1437 1874 1559 1916 Haud

111 1939 205 1978 solis
252 1938 328 1979 hae
364 1937 501 1980 fasciae
553 1938 814 1989 fasciculique
868 1939 1197 1980 ventriculornm
1250 1939 1382 1978 cordis
1427 1950 1468 1977 et
1511 1938 1561 1977 si-

112 2013 243 2042 nuum
295 1999 625 2043 extremitatibus
678 2003 780 2050 suis,
832 2002 1038 2055 principio
1070 2012 1110 2041 et
1152 2000 1259 2047 fine,
1310 2013 1385 2041 nec
1421 2001 1468 2040 iis
1509 2001 1559 2041 ad
1598 1994 1601 1997 ’

109 2076 262 2114 Vnam,
312 2066 505 2105 omnibus
540 2077 831 2115 communem,
863 2075 903 2105 et
940 2080 961 2105 a
999 2063 1190 2104 musculis
1227 2063 1317 2116 ipfis
1352 2064 1557 2104 diuersam
1595 2083 1598 2086 ·

109 2138 293 2180 partem,
343 2129 460 2169 velut
509 2129 550 2168 in
603 2129 771 2168 caeteris
822 2129 904 2170 fere
938 2129 1123 2181 corporis
1160 2127 1327 2168 humaui
1366 2127 1556 2166 musculis

109 2190 272 2232 solitum
330 2193 410 2241 est,
463 2191 784 2242 adhaerescunt3
832 2203 878 2232 vt
926 2191 1073 2233 illaesis
1119 2189 1233 2230 fibris
1279 2190 1346 2231 vel
1396 2189 1556 2229 fibrillis

109 2254 209 2295 Atra
227 2254 351 2296 Acad.
370 2255 465 2310 Imp.
486 2254 554 2296 Sc.
574 2254 679 2296 Tom.
702 2255 743 2296 V.
762 2257 807 2296 P.
824 2253 876 2296 11.
1130 2252 1160 2292 F
1192 2253 1217 2291 f
1445 2251 1556 2291 fasci-
