2041 2738
545 204 659 256 “³⁹55ss
721 200 739 258 )
775 196 865 255 2‘47
901 202 918 261 (
980 193 1095 256 &1⁶3⁴-

99 310 308 366 Singulari
359 315 486 356 modo
521 314 687 367 paffim.
723 313 840 355 velut
872 314 1041 356 serrata
1062 312 1175 366 quasi
1209 310 1370 362 futura,
1420 313 1553 356 mani⁴

99 374 202 416 festo
237 376 328 416 sunt
360 377 583 418 diffinitae.
620 376 697 428 [a]
765 374 885 418 Alibi
920 377 1156 430 interrupta
1206 375 1402 417 fibrarum
1453 389 1555 418 con-

104 439 338 479 tinuatione
372 439 678 492 distinguuntur
709 438 874 491 pariter.
901 437 1001 490 '[b]
1070 437 1280 480 Videntur
1311 440 1355 477 in
1391 438 1552 480 sedibus

101 501 312 541 nonnullis
349 501 500 544 leniori
536 501 669 542 saltim
723 499 990 553 impreffione
1038 501 1214 542 dextrae
1246 515 1269 541 a
1303 500 1469 542 sinistris
1502 500 1556 541 fi-

99 563 197 605 brae
232 563 444 606 distinctae
477 563 568 604 effe.
618 562 693 615 [c]
739 562 883 604 'Alibi
916 563 1134 604 manifesto
1170 575 1223 603 ex
1256 562 1387 603 altero
1421 564 1463 603 in
1500 563 1561 603 ai·

102 636 243 667 terum
292 627 571 667 ventriculum
623 625 883 666 continuant.
921 624 1005 678 [d]
1080 624 1309 678 Quaeritur
1343 638 1466 679 erg0‚
1517 635 1559 667 et

100 689 271 730 dubium
306 689 481 729 omnino
515 687 591 726 effe
622 686 815 733 videtur,
867 695 1010 725 vtrum
1044 687 1297 739 potiffimum
1334 690 1555 729 continua·

101 760 167 792 tae
202 755 257 791 ex
288 751 444 791 dextro
473 749 516 788 in
551 747 757 787 sinistrum
793 747 1074 788 ventriculum
1111 747 1266 795 fibrae,
1320 761 1370 788 an
1414 749 1557 790 finitae

96 814 308 853 increna
355 812 519 860 dextri,
573 808 762 849 subortae
812 821 944 850 nouae
994 809 1165 857 sinistri,
1221 807 1446 850 dicantur?
1511 809 1556 851 Si

95 875 207 928 prins
239 873 318 925 est,
355 873 492 914 nullae
523 872 720 925 propriae
753 872 891 912 dextri
925 871 1177 918 ventriculi,
1209 871 1345 912 nullae
1380 873 1551 925 sinistri,

93 932 242 977 dantur
290 946 514 985 externae‚·
565 946 652 974 vno
685 934 919 986 eodemque
955 934 1082 976 strato
1111 944 1287 986 vterque
1329 936 1551 975 communi

93 998 323 1041 includitur
357 1000 415 1052 ad¹
449 1006 634 1038 mentem
687 996 935 1046 Wnslowi„
987 996 1030 1037 Si
1063 996 1263 1048 posterius
1296 996 1377 1046 est,
1428 998 1553 1050 quili-

93 1060 164 1101 bet
197 1063 386 1114 proprias
421 1060 508 1099 snas
539 1059 659 1099 fibras
692 1058 842 1108 habet,
893 1058 955 1098 vti
990 1058 1162 1100 Illustris
1195 1057 1339 1100 Senaci
1393 1060 1551 1103 senten·

96 1123 156 1163 t'ia
187 1124 256 1163 est.
323 1122 423 1163 Dari
459 1121 577 1162 fibras
611 1121 858 1168 nonnullas,
915 1133 1018 1170 quae
1052 1121 1270 1162 manifesto
1302 1133 1355 1161 ex
1397 1126 1550 1163 dextro

93 1185 138 1224 in
172 1184 374 1226 sinistrum
412 1184 617 1226 transeant
643 1182 950 1232 ventriculum,
984 1186 1128 1235 negari
1165 1195 1248 1222 non
1282 1184 1432 1235 potest.
1464 1185 1549 1225 Ve-

90 1258 185 1287 rum
222 1250 335 1288 enim
371 1257 416 1288 et
450 1259 600 1298 magna
630 1259 723 1299 pars
774 1255 911 1286 tamen
965 1245 1180 1286 manifesto
1215 1246 1257 1284 in
1292 1247 1372 1298 ipsa
1423 1259 1546 1289 crena

91 1309 290 1363 peculiari
323 1321 365 1351 et
397 1308 574 1350 euidenti
610 1309 679 1349 suo
706 1309 834 1350 modo
862 1307 1027 1356 finitur,
1063 1316 1105 1347 et
1139 1307 1345 1360 plurimae
1371 1321 1521 1349 earum
1541 1341 1552 1361 ‚

90 1382 194 1423 quae
227 1372 395 1412 tranfire
441 1371 658 1418 videntur,
711 1371 767 1409 ita
813 1370 1015 1410 subiectae
1063 1370 1174 1410 carni
1202 1378 1364 1409 rtamen
1416 1383 1545 1423 pecu·

87 1432 241 1473 liariter
290 1433 333 1473 in
386 1445 513 1473 crena
565 1432 814 1481 adhaerent,
850 1442 896 1473 vt
931 1443 972 1473 et
1004 1433 1203 1487 punctum
1242 1432 1375 1474 fixum
1412 1435 1453 1474 in
1490 1447 1539 1476 ea

87 1495 295 1537 obtineant
347 1505 389 1536 et
440 1496 720 1535 continuatam
779 1496 821 1533 in
872 1495 936 1535 his
984 1496 1141 1536 sedibus
1206 1495 1387 1537 efficiant
1454 1511 1543 1539 cre-

88 1569 210 1605 nam‚
259 1569 359 1608 quae
409 1557 519 1597 nulla
570 1565 807 1608 appareret,
853 1569 1035 1608 quaeque
1087 1558 1222 1597 deleta
1253 1560 1373 1607 effer,
1427 1561 1452 1599 fi
1489 1574 1538 1601 ο-

87 1620 235 1659 mnino
283 1618 437 1658 liberae
484 1617 607 1657 fibrae
642 1617 871 1658 tranfirent.
941 1618 994 1658 Et
1036 1619 1193 1660 nullum
1247 1633 1373 1672 porro
1406 1623 1455 1662 de
1491 1634 1539 1661 o-

85 1682 218 1734 rigine
275 1679 471 1721 fibrarum
531 1679 753 1720 ventriculi
801 1680 937 1720 dextri
988 1695 1010 1721 a
1058 1681 1147 1721 stria
1202 1680 1375 1730 latiore,
1429 1696 1535 1735 qnae

86 1746 130 1784 in
166 1742 288 1796 plana
322 1743 451 1784 cordis
492 1741 699 1795 superficie
732 1741 834 1795 septi
866 1742 1082 1794 regionem
1117 1743 1323 1797 defignat‚
1357 1745 1530 1788 dubium

86 1807 167 1854 est,
202 1804 272 1844 vbi
309 1805 420 1845 nulla
452 1803 554 1844 fibra
577 1817 631 1844 ex
660 1804 789 1844 altero
820 1806 864 1845 in
896 1805 1070 1846 alterurn
1107 1807 1390 1848 ventriculum
1428 1821 1544 1849 con«

85 1869 238 1915 tinuat,
268 1868 368 1913 vbi*
400 1867 546 1919 primis
583 1868 797 1922 principiis
832 1881 853 1907 a
886 1868 1114 1910 coniunstis
1161 1869 1298 1921 potius
1333 1869 1411 1909 filis
1445 1883 1536 1912 car-

86 1930 288 1981 tilagineis
339 1929 503 1982 petitis,
555 1929 774 1970 secundum
830 1930 1134 1984 longitudinem
1183 1932 1304 1973 striae
1340 1935 1526 1986 primum

1384 1995 1531 2036 decur-

128 2097 206 2142 [α]
254 2096 338 2130 Tab.
368 2095 396 2130 Ι.
422 2103 470 2137 17.
498 2105 542 2138 ¹7-
570 2104 617 2138 ¹7—

125 2143 201 2189 [b]
255 2145 329 2178 Tab
367 2145 396 2181 Ι,
422 2155 450 2185 3.
478 2155 508 2186 9.
534 2153 582 2178 ιο.

127 2192 187 2237 [c]
213 2191 298 2225 Tab.
325 2198 339 2228 Ι
373 2203 414 2237 55.
441 2193 490 2234 56.
516 2201 582 2225 102

131 2240 195 2287 [d]
217 2240 301 2276 Tab.
324 2243 351 2276 1.
374 2252 420 2284 45.
448 2241 503 2281 46.
