2041 2738
585 208 700 260 ·›2223
764 204 961 264 )1¹9(
1024 206 1128 258 &3:3«

79 369 83 373 ἱ
274 344 276 347 v
314 317 424 367 §.12.
462 318 604 361 ,Huic
656 321 836 363 maximi
890 321 1096 363 momenti
1147 319 1317 374 negotio
1356 320 1492 377 plures
1529 322 1604 365 ἰηι-

123 381 253 434 signes
286 381 546 425 Geometrae
578 398 753 439 operam
789 386 904 427 suam
953 386 1126 435 dedere,
1178 387 1288 428 inter
1321 400 1427 442 quos
1473 389 1589 429 viros

123 447 309 488 summos
345 459 385 489 et
437 460 650 502 nunquam
685 450 1032 503 nonrmoriturae
1085 451 1346 499 memoriae,
1396 451 1592 494 Eulerum

121 520 164 553 et
214 510 492 563 d'Alcmbert,
554 515 781 557 nominasse
832 513 1022 556 iufficiet.
1105 513 1270 555 Neuter
1321 527 1486 565 autem,
1547 526 1595 558 vt

122 574 198 629 ipsi
231 576 488 626 fatebantur,
541 579 644 621 istud
693 580 868 620 arduum
922 582 1138 633 negotium
1173 579 1375 623 confecit.
1465 580 1592 625 Alter

121 639 163 680 id
211 648 369 682 tantum
425 642 645 690 intendit,
695 655 743 682 vt
792 643 1042 684 idoneorum
1113 644 1417 698 exemplorum
1487 647 1589 687 serie

122 702 377 752 ostenderet,
443 705 623 757 plurima
673 705 1020 756 imaginariorum
1083 720 1236 759 genera
1295 709 1344 748 ad
1404 710 1588 750 formam

123 764 413 813 A÷BV—
438 760 466 804 ι’
498 780 642 808 reuera
692 768 836 810 reduci
888 769 1010 820 poffe.
1096 770 1222 809 Alter
1257 782 1360 811 vero
1414 775 1590 814 demon-

122 830 360 871 strationem
394 830 505 883 suam
540 828 716 873 non'ex
752 832 838 885 ipsa
873 834 1222 885 imaginariornm
1259 846 1426 884 natura,
1476 838 1586 877 v-n-ie

119 893 325 947 petenda,
355 895 489 944 foret,
538 895 604 936 sed
640 908 695 937 ex
733 897 1085 944 consideratione,
1121 899 1170 938 ab
1208 899 1292 952 ipsa
1334 900 1504 952 prorsus
1542 915 1588 942 a·

118 956 252 1005 liena,
303 958 466 1002 infinite
499 971 730 1012 paruornm
765 962 968 1014 deduxit3
1017 963 1192 1016 eiusque
1241 965 1462 1006 ratiocinia
1501 977 1585 1006 non

119 1021 166 1065 ad
203 1023 340 1064 omnis
375 1026 535 1078 generis
572 1028 825 1080 quantitates
879 1028 1214 1070 transcendentes
1268 1029 1440 1069 extendi
1476 1031 1587 1084 posse

119 1086 329 1129 videntur.

308 1209 342 1259 ξ.
379 1219 418 1260 ’3.
460 1208 539 1250 His
573 1219 786 1252 tantorum
823 1210 1014 1252 virorum
1054 1208 1353 1251 tentaminibus
1388 1222 1489 1263 quae
1525 1211 1590 1265 ip·

121 1276 161 1318 se
209 1274 328 1329 super
362 1274 445 1315 hoc
481 1284 728 1326 argumento
767 1275 983 1315 meditatus
1030 1274 1114 1313 snm
1167 1273 1313 1313 addere
1350 1274 1425 1314 vix
1473 1275 1587 1315 ausus

122 1341 269 1387 essem,
321 1337 394 1378 nifi
429 1337 680 1378 leuiuscnlae
731 1338 1018 1384 coniceturae,
1072 1350 1172 1389 quas
1215 1337 1283 1376 hic
1318 1337 1359 1378 in
1398 1339 1586 1378 medium

123 1402 272 1444 afferre
309 1402 528 1450 constitui,
578 1402 804 1455 aliquando
850 1415 942 1443 cum
998 1401 1169 1443 successu
1206 1402 1246 1441 in
1287 1402 1403 1442 vsum
1439 1406 1585 1444 vocari

120 1470 231 1522 polle
280 1468 545 1517 viderentur3
600 1467 871 1520 quamobrem
917 1465 1174 1509 ‚Geometris
1233 1478 1317 1505 non
1374 1467 1586 1519 ingratum

120 1533 210 1573 fore
246 1531 449 1578 arbitror,
486 1530 514 1569 fi
545 1542 657 1570 meas
694 1532 1007 1579 meditationes,
1045 1532 1194 1584 quibus
1228 1541 1368 1570 autem
1407 1532 1488 1583 ipse
1509 1532 1585 1572 vix

120 1596 273 1638 nomen
311 1594 549 1633 tentaminis
584 1594 766 1634 tribuere
802 1607 959 1646 conor,
994 1594 1068 1635 hic'
1097 1595 1286 1634 breuiter
1319 1596 1361 1635 δε
1400 1595 1582 1637 dilucide

119 1657 369 1713 exposuero,

291 1784 342 1831 ⁴(5.
369 1770 418 1833 ⁴4.
502 1779 691 1822 Denotet
738 1781 866 1834 igitur
897 1793 924 1823 z
961 1782 1235 1834 quantitatem
1291 1779 1582 1832 imaginariam

123 1858 436 1900 quamcunque,
469 1844 636 1886 litterae
673 1858 775 1887 vero
807 1859 846 1893 a,
882 1845 919 1892 b,
953 1858 995 1892 c,
1030 1846 1107 1886 sint
1142 1847 1386 1898 quantitates
1425 1845 1579 1897 reales,

121 1910 189 1951 vel
238 1910 455 1953 rationales
490 1909 559 1950 vel
610 1910 906 1955 irrationales,
959 1909 1026 1949 vel
1078 1911 1183 1950 adeo
1235 1908 1579 1952 transcendentes.

118 1972 203 2016 Hic
240 1976 379 2027 primo
413 1975 454 2015 in
492 1973 657 2015 tranfitu
694 1976 905 2015 obieruare
940 1975 1156 2022 conuenit,
1189 1974 1414 2013 formulam
1449 1984 1576 2021 a÷z

120 2051 288 2092 quoque
321 2039 396 2079 esse
439 2039 748 2092 imaginariam,
801 2050 840 2080 et
876 2039 1046 2091 quidem
1100 2038 1304 2079 diuersam
1342 2037 1390 2077 ab
1425 2038 1515 2089 ipso
1548 2040 1583 2078 i-

121 2104 354 2158 maginario
383 2116 435 2151 z,
484 2104 682 2155 quoniam
736 2104 834 2144 illud
890 2103 1051 2156 superat
1103 2103 1332 2159 quantitate
1386 2102 1486 2143 reali
1541 2115 1579 2145 α.

120 2167 189 2209 Ex
225 2181 308 2221 qno
345 2169 479 2209 statim
514 2168 784 2222 intelligitur,
838 2168 1090 2221 imaginariis
1143 2179 1297 2209 nomen
1336 2167 1577 2220 quantitatis

122 2231 318 2287 denegari
369 2246 454 2274 non
505 2234 640 2287 posse,
691 2243 736 2274 vt
773 2233 956 2292 pluribus
989 2234 1045 2275 est
1082 2236 1226 2275 viiuni.
1296 2229 1409 2273 Cum
1460 2233 1576 2272 enim

1446 2307 1577 2349 quan-
