2041 2738
603 263 714 314 »2013
779 257 796 316 i
834 271 923 314 357
965 259 982 319 (
1046 264 1165 319 3³:0³⁴·

154 368 265 419 vnde
298 367 382 412 iam
414 368 626 426 coltigitur
661 384 733 414 nec
766 371 848 418 hoc
880 378 1074 418 remedio
1107 375 1149 418 id
1181 373 1367 417 obtineri
1401 374 1527 432 poss'e,
1564 384 1613 419 vt

152 445 315 475 errores
367 435 700 479 obseruationum
768 438 1079 481 verifimiliotes
1141 440 1401 490 reddantur,
1453 440 1613 494 quippe

153 510 284 551 quum
322 510 432 539 nunc
464 497 744 542 obseruationi
779 504 846 544 die
884 514 908 541 τι
936 502 1043 557 Aug.
1077 502 1302 556 institutae,
1336 516 1455 548 error
1489 504 1610 546 omni

151 562 441 619 probabilitate
473 563 686 606 destitutus
722 568 956 610 inducatur.

337 692 373 741 §.
410 703 452 742 9.
519 689 612 732 Nec
646 693 855 744 praesumi
887 691 1069 735 omnino
1101 692 1262 746 potest,
1315 693 1502 748 tempori
1537 690 1625 734 Pe*

152 752 290 796 rihelii
336 765 378 795 et
422 755 678 807 elongationi
713 756 800 797 eius
835 770 856 798 a
890 759 999 799 nodo
1033 755 1153 797 simul
1189 758 1395 800 eiusmodi
1431 756 1612 798 tribuere

150 817 274 857 licere
309 820 577 870 mutationes,
614 829 659 858 vt
690 819 791 860 dum
826 833 942 861 error
973 833 1052 873 pro
1081 818 1376 864 obseruatione
1408 833 1428 860 1
1456 817 1613 863 Ostob.

153 880 338 921 instituta
382 881 619 922 sensibiliter
664 883 955 936 deprimatur,
1007 883 1156 925 eodem
1195 895 1387 941 tempore
1423 885 1613 927 obserua-

151 943 334 984 tionibus
383 947 517 986 mense
548 945 726 999 Augusti
757 947 952 989 institutis
989 947 1135 987 exaste
1172 947 1338 992 satisfiat
1359 979 1370 998 ‚
1423 949 1465 990 id
1500 948 1614 1000 quod

151 1007 334 1058 sequenti
371 1007 591 1061 specimine
625 1020 752 1063 patet,
791 1058 798 1067 -.
820 1010 1005 1052 Ponatur
1041 1011 1267 1062 nimirum,
1303 1023 1469 1065 tempus
1501 1009 1618 1052 Peri·

150 1069 251 1111 helii
295 1071 475 1112 incidere
520 1073 563 1114 in
602 1084 673 1121 ις,
698 1084 815 1127 53ος
854 1076 1028 1128 Augusti
1073 1085 1117 1114 et
1153 1075 1464 1129 elongationem
1501 1072 1617 1116 Peri-

149 1133 252 1174 helii
288 1147 310 1174 a
344 1135 457 1175 nodo
490 1137 566 1177 effe
606 1139 698 1188 46⁰.
723 1134 803 1187 36¹.
831 1133 923 1186 13⁰,
959 1147 1160 1190 eruntque
1196 1141 1497 1193 Longitudines
1531 1136 1625 1181 Co—

153 1206 287 1240 metae
318 1210 375 1240 ex
408 1198 474 1240 his
509 1199 743 1242 Elementis
778 1202 1000 1244 deductae:

438 1293 610 1350 2.Aug.
675 1296 733 1348 3⁵.
784 1299 840 1337 6⁰.
891 1287 946 1347 4¹.
970 1289 1065 1346 25¹¹,

400 1371 474 1400 12.
526 1380 548 1390 -
677 1373 720 1410 3.
760 1373 829 1401 ιο.
863 1370 938 1411 48.
964 1372 1039 1409 35.

396 1433 483 1471 29.
530 1444 551 1454 -
679 1434 721 1472 3.
758 1436 831 1463 21·
903 1431 943 1466 8.
997 1427 1042 1464 6.

439 1481 723 1538 ι.οἅοῐ).4.
784 1502 831 1538 9.
867 1491 1037 1538 58.46.

155 1586 225 1629 Ex
261 1597 347 1639 quo
381 1587 510 1640 igitur
543 1587 802 1631 concluditur
837 1603 915 1643 pro
949 1590 1129 1629 assumto
1160 1585 1304 1627 valore
1322 1587 1621 1642 semiparame·

156 1652 225 1697 tri,
258 1650 287 1691 fi
306 1649 579 1692 obseruationi
612 1653 680 1694 die
704 1665 725 1692 1
748 1650 1054 1695 octoufaerae
1089 1650 1298 1691 aberratio
1329 1649 1531 1695 tribuatur
1560 1666 1615 1705 13

155 1713 319 1756 Minut.
365 1714 599 1767 primorum
646 1726 687 1757 et
731 1717 1006 1758 obseruationi
1056 1728 1080 1754 2
1117 1712 1228 1766 Aug.
1265 1715 1471 1759 institutae
1505 1720 1617 1760 intm

157 1775 251 1818 bin-a
283 1775 448 1819 Minuta
478 1780 613 1832 prima
648 1778 832 1831 satisfiat,
870 1791 964 1822 tum
998 1778 1269 1822 obseruationi
1305 1779 1372 1820 die
1409 1792 1463 1819 12
1502 1781 1611 1836 Aug.

155 1840 286 1882 faciae
320 1852 505 1884 errorem
539 1843 665 1884 ineffe
706 1857 766 1894 ¹4
799 1845 959 1886 Minnt.
1000 1846 1250 1898 primorum,
1284 1844 1512 1886 cuiusmodi
1549 1859 1616 1888 er·

156 1916 297 1946 rorem
348 1904 443 1948 huic
495 1904 777 1950 obseruationi
826 1910 952 1950 tribui
988 1909 1132 1962 posse,
1189 1918 1241 1946 ne
1277 1907 1406 1948 vllam
1443 1910 1622 1961 quidem

159 1980 257 2022 prae
291 1970 330 2008 se
366 1967 442 2010 fert
477 1969 846 2014 verisimilitudinis
883 1973 1068 2028 speciem.
1135 1969 1193 2012 Et
1226 1969 1254 2010 ss
1289 1970 1507 2014 Elementa
1527 1973 1615 2016 Co·

160 2042 296 2072 metae
337 2032 476 2074 denuo
515 2035 572 2075 ita
613 2035 958 2087 immutarentur,
1001 2046 1050 2078 vt
1085 2034 1203 2075 locus
1238 2030 1445 2077 Cometae
1477 2049 1556 2090 pro
1589 2051 1618 2078 2

158 2094 302 2148 Aug.,
338 2095 445 2138 binis
480 2099 650 2140 minutis
685 2102 830 2155 primis
866 2100 916 2141 ab
951 2102 1174 2144 obseruato
1205 2096 1424 2148 deficeret,
1471 2112 1619 2143 tamen

158 2159 233 2201 hac
286 2164 519 2204 mutatione
565 2176 684 2205 error
730 2179 806 2219 pro
842 2166 1123 2208 obseruatione
1159 2162 1226 2202 die
1267 2175 1323 2201 12
1361 2165 1472 2216 Aug.
1504 2167 1618 2207 insti·

160 2231 248 2264 tuta
287 2224 363 2265 vix
397 2225 488 2280 plus
520 2239 639 2278 quam
677 2231 781 2271 binis
821 2230 993 2269 minutis
1030 2228 1177 2282 primis
1211 2226 1391 2280 deprimi
1425 2230 1618 2280 poterit,

159 2286 369 2343 suppofito
413 2290 615 2334 nimirum
661 2305 800 2335 errore
848 2307 925 2347 pro
957 2290 1245 2336 obseruatione
1279 2290 1363 2332 diei
1401 2301 1420 2329 1
1461 2289 1617 2335 Ostob.

820 2358 858 2401 Y
879 2370 906 2411 y
943 2369 972 2408 a
1559 2371 1616 2409 13
