2041 2738
570 233 688 284 ⁶&ss
750 224 948 288 3297(
1008 232 1127 284 ἔξω

123 340 265 383 festum
314 337 394 389 est,
445 336 619 391 quibus,
668 351 765 383 cum
814 342 987 385 mobiles
1030 343 1130 394 sint,
1183 345 1232 385 ad
1267 358 1437 389 crenam
1473 347 1579 403 septi

121 403 203 455 hae
240 411 375 456 partes
424 402 702 454 retrahuntur.
779 404 902 460 Quae
954 406 1087 452 fibrae
1118 420 1140 446 a
1175 407 1269 449 stria
1306 419 1345 451 et
1375 411 1459 453 filis
1495 415 1580 454 ori-

121 462 249 507 'untur
282 463 555 518 cartilagineis
590 475 788 519 vti-aque,
823 479 937 510 ortus
971 478 1014 510 et
1046 459 1300 519 insertionis,
1341 476 1495 526 punita
1527 474 1578 515 fi-

121 540 178 570 xa
210 528 376 569 habent.
440 525 618 575 Mobilia
651 532 694 570 in
728 532 912 584 partibus
965 532 1109 574 mediis
1160 546 1300 574 earum
1336 536 1385 576 ad
1422 537 1576 590 margi·

121 605 217 633 nem
253 602 422 632 acutum
460 593 741 646 angulumque
775 605 819 636 et
854 596 1087 648 marginem
1126 596 1337 640 basilarem
1385 600 1576 643 existunt.

123 654 260 698 Solito
296 665 444 695 contra
476 657 603 696 modo
637 658 934 699 circumflexae
987 658 1166 699 sinistrae
1201 660 1333 701 fixum
1370 663 1412 703 in
1447 663 1578 705 altera

121 719 386 762 ‘extremitate
420 717 468 756 ad
504 729 696 766 creuam,
731 719 773 757 in
812 720 941 760 altera
974 721 1129 762 mobile
1164 723 1212 762 acl
1248 723 1357 764 basin
1399 728 1576 768 arteriae

120 781 365 838 pulmonalis
417 779 615 833 punctum
664 781 844 831 habent,
893 793 1020 835 quam
1058 783 1159 824 basis
1206 796 1371 837 partem
1406 787 1455 828 ad
1491 801 1581 828 cre-

121 858 218 888 nam
272 843 322 883 ad
373 842 600 890 adducunt,
654 854 695 884 et
731 846 803 885 vsu
840 847 1015 899 proinde
1050 859 1136 886 non
1173 849 1302 889 modo
1337 850 1399 890 sed
1436 861 1582 893 natura

122 919 290 963 quoque
325 905 374 945 ab
407 905 487 946 illis
521 907 742 947 ventriculi
777 907 893 951 fibris
927 908 1141 951 differunt.
1210 909 1279 952 Sic
1316 914 1472 964 pariter
1506 926 1582 955 ve·

119 979 171 1012 ro
200 970 238 1010 se
269 979 333 1009 res
359 968 483 1009 habet
517 980 613 1009 cum
648 968 760 1011 fibris
797 973 1106 1025 pulmonalibus
1141 975 1443 1025 anterioribus,
1480 989 1579 1017 cum

119 1033 346 1077 interiectis
374 1042 415 1072 et
441 1032 723 1074 circumflexis
758 1037 943 1085 dextris,
977 1049 1081 1089 quae
1114 1037 1235 1078 simili
1268 1040 1397 1080 modo
1431 1050 1474 1080 et
1509 1053 1580 1081 na-

122 1105 217 1136 tura
265 1095 357 1135 suae
407 1094 674 1149 dispositionis
718 1106 759 1137 et
803 1101 876 1141 vlu
921 1114 946 1140 a
978 1100 1147 1141 caeteris
1187 1102 1411 1142 ventriculi
1462 1101 1578 1143 fibris

119 1153 336 1199 differunt.
643 1174 647 1179 ·

599 1277 846 1321 Pulmonales
880 1275 1110 1320 anteriores.

307 1370 566 1415 Pulmonales
623 1375 876 1422 anteriores,
927 1371 1095 1423 quando
1128 1370 1164 1410 se
1198 1369 1470 1421 contrahunt,
1515 1376 1580 1412 to-‘

126 1445 217 1475 tum
253 1435 338 1475 fere
372 1435 476 1475 latus
512 1437 689 1475 anterius
742 1434 842 1474 basis
898 1434 1067 1474 arteriae
1110 1432 1362 1485 puli-nonalis
1404 1436 1453 1475 ad
1489 1447 1580 1476 cre-

122 1510 223 1548 pam
259 1498 489 1543 adducunt3
539 1499 952 1549 adeoquemagnam
991 1505 1155 1548 partem
1199 1495 1348 1536 orificii
1392 1498 1578 1538 arteriofi

124 1568 175 1607 et·
200 1555 295 1597 coni
329 1559 633 1610 constringunt,
670 1558 873 1609 simulque
915 1557 1191 1597 sinistrorsum
1228 1556 1436 1599 orificium
1473 1560 1578 1599 obli-

128 1612 292 1673 que‘et
334 1620 523 1673 deorsum
574 1620 838 1671 constrictum
888 1618 1116 1660 retrahunt.
1202 1617 1432 1672 Expellunt
1481 1634 1581 1674 ergo

126 1680 418 1728 'constri'eiione
469 1683 677 1736 supremae
714 1683 840 1734 partis
879 1684 976 1723 coni
1008 1681 1266 1734 sanguinem,
1316 1684 1359 1722 in
1397 1697 1444 1724 ea
1479 1697 1581 1725 con-

133 1754 323 1794 tentum,
358 1746 627 1797 adiuuantque
663 1745 870 1801 acutionem·
902 1745 1074 1786 eandem
1111 1756 1190 1792 eo,
1227 1746 1338 1797 quod
1375 1743 1480 1788 basin
1516 1761 1585 1794 ar·

133 1810 262 1849 teriae
315 1807 498 1848 deorsum
548 1809 730 1856 ducunt,
779 1808 1097 1861 sanguinemque
1146 1808 1219 1848 hac
1262 1810 1421 1855 ratione
1472 1811 1583 1864 quasi

132 1870 396 1930 protrudunt.
476 1870 698 1913 Praeterea
730 1879 770 1911 'et
805 1872 882 1912 hae
916 1870 1067 1920 fibrae,
1118 1871 1217 1910 dum
1273 1873 1485 1914 transeunt
1538 1877 1582 1917 in

133 1944 333 1987 pontem,
385 1945 535 1974 conum
585 1935 829 1975 arteriosum
867 1935 916 1974 ad
950 1947 1117 1975 crenam
1154 1934 1327 1986 alligant
1358 1936 1581 1989 fixumque

131 1998 217 2037 eius
254 1995 374 2055 situm
410 1997 452 2036 in
487 1998 630 2048 systole
663 1998 797 2038 cordis
835 1998 1022 2039 reddunt.
1099 1995 1302 2037 Punctum
1339 1998 1472 2039 fixum
1522 2012 1585 2040 ea-

133 2072 229 2100 rum
264 2059 305 2097 in
336 2071 459 2112 crena
490 2061 567 2114 est,
615 2062 776 2102 mobile
828 2060 976 2115 procul
1028 2058 1152 2100 dubio
1186 2063 1228 2101 in
1278 2052 1358 2103 bafi
1409 2063 1584 2103 arteriae

133 2109 414 2175 pulmon-alis,
467 2136 570 2175 quae
607 2125 742 2166 mollis
778 2124 893 2166 facile
927 2133 968 2165 et
1003 2123 1280 2177 complicatur
1312 2135 1353 2166 et
1387 2125 1586 2166 sinistror-

134 2186 220 2241 sum
257 2179 535 2239 deorsumque
569 2187 808 2229 retrahitur.

137 2278 235 2322 Λέῖα
252 2274 371 2321 Acad.
388 2278 486 2335 Imp.
503 2279 571 2323 Sc.
589 2280 696 2324 Tom.
716 2282 758 2324 V.
771 2284 815 2327 P.
834 2280 886 2324 11.
1149 2279 1179 2321 Ρ
1214 2291 1242 2334 p
1484 2279 1589 2322 Inte-
