2041 2738
572 191 701 243 ...3³2ng
751 185 768 244 )
807 187 951 247 289(
1012 189 1115 245 &303

263 303 396 358 Idem,
431 313 479 346 vt
514 309 550 346 et
584 303 764 344 validior
797 303 1013 346 ventriculi
1044 302 1285 354 contraHio,
1337 301 1432 358 vsus

206 371 215 394 ⁸
523 381 549 410 α
581 367 876 422 complicatione
898 367 1169 422 fasciolarum.

305 430 498 474 Similem
536 431 734 472 effectum
768 432 959 473 fasciolae
982 430 1170 485 habent,
1204 430 1375 485 oblique
1404 445 1457 474 ex
1494 431 1582 474 aliis

115 504 253 547 ortae,
289 497 332 536 in
367 497 464 537 alias
499 496 668 549 oblique
702 496 905 547 insertae,
956 506 1002 537 vt
1043 495 1268 536 secundum
1306 496 1483 538 diuersas
1519 496 1583 537 di-

113 562 343 612 reffiones,
396 559 546 614 quibus
583 570 653 601 aut
687 561 905 608 oriuntur,
955 569 1024 601 aut
1059 560 1309 609 inseruntur,
1352 573 1442 610 eas,
1479 571 1580 612 quas

114 636 351 680 occupant,
401 625 536 673 sedes,
589 625 799 676 imprimis
834 636 895 663 eas
927 622 1110 664 fasciolas
1144 623 1273 677 ipsas,
1331 636 1384 665 ex
1429 624 1580 678 quibus

113 691 336 739 oriuntur,
372 697 411 728 et
446 688 488 727 in
525 699 623 739 quas
659 686 698 726 se
735 687 942 733 inserunt,
995 687 1257 727 contrahant.
1323 686 1391 729 Sic
1438 688 1580 743 passim

111 752 320 800 fiisciolae,
372 763 476 804 quae
527 749 636 803 ipsae
688 750 869 803 propriis
922 749 1000 788 suis
1052 748 1166 788 fibris
1223 748 1577 792 contradiae'iam

111 816 226 864 sunt,
281 815 371 856 aliis
409 826 536 867 porro
572 812 769 862 fasciolis,
822 813 864 853 in
911 812 1001 853 illas
1051 813 1241 862 insertis,
1293 813 1581 856 retrahuntur.

111 879 214 933 Quo
249 877 424 932 figuram
475 878 587 918 suam
643 887 831 931 mutant,
881 889 936 916 ex
971 877 1094 920 rectis
1145 877 1402 931 serpentinae
1446 879 1580 929 finnt,

110 956 236 996 eaque
274 943 461 991 ratione,
520 951 566 982 vt
598 942 747 995 -paries
783 941 1004 982 ventriculi
1040 940 1266 983 secundum
1316 942 1580 984 latitudinem

107 1006 306 1048 fibrarum
348 1005 624 1047 contrahatur
659 1019 744 1046 non
781 1009 933 1054 m0d0‚
967 1006 1031 1046 sed
1069 1006 1196 1048 etiam
1228 1016 1272 1046 vt
1309 1007 1488 1049 validior
1524 1008 1584 1048 se-

107 1073 289 1113 cundum
325 1070 627 1122 longitudinem
664 1083 808 1109 earum
845 1071 1079 1111 contra&io
1133 1069 1224 1118 fiat,
1277 1069 1474 1113 efficiunt.
1542 1071 1582 1111 I-

108 1136 206 1176 dem
255 1134 460 1186 posterior
497 1131 665 1172 effeetus
702 1132 751 1172 ab
789 1146 839 1172 eo
875 1134 1210 1185 complicationis
1260 1146 1438 1186 genere,
1491 1148 1579 1187 qno

108 1200 214 1239 duae
250 1197 440 1238 fasciolae
485 1197 823 1237 extremitatibus
860 1197 938 1237 suis
975 1199 1208 1251 interrupta
1258 1199 1577 1240 continuatione

109 1263 445 1314 coniunguntur,
482 1261 710 1314 exspedhiri
748 1262 907 1314 potest;
943 1263 1302 1314 quemadmodum
1343 1264 1578 1316 inscriptio-

108 1326 229 1366 nibus
270 1324 550 1365 musculorum
597 1325 798 1365 tendineis
846 1326 1022 1366 eundem
1061 1327 1178 1365 vsum
1216 1326 1438 1366 attribuere
1478 1327 1581 1367 sole-

105 1402 209 1431 mus.
263 1386 404 1441 Atque
437 1388 534 1429 haec
571 1399 672 1426 vera
708 1387 854 1442 procul
889 1388 1018 1428 dubio
1052 1390 1171 1430 causa
1209 1389 1289 1436 cst,
1325 1402 1421 1437 cnr,
1458 1391 1579 1432 aliter

106 1462 231 1505 atque
267 1454 307 1494 in
344 1453 512 1494 caeteris
550 1451 770 1502 omnibns,
825 1464 909 1492 non
958 1452 1098 1506 fibris,
1153 1454 1201 1494 ab
1237 1465 1334 1494 ortu
1368 1456 1416 1496 ad
1453 1456 1578 1496 inser-

105 1518 266 1557 tionem
303 1528 430 1566 vsque
466 1517 699 1560 continuis,
752 1526 792 1554 et
830 1517 990 1567 aequali
1023 1518 1146 1556 dne'tu
1193 1519 1577 1569 progredientibus,

107 1578 279 1620 musculi
317 1578 475 1632 cordis,
525 1577 588 1616 sed
626 1577 823 1617 breuibus
859 1578 1113 1626 numerosis,
1167 1580 1427 1632 longitudine
1465 1584 1577 1635 pari-

107 1653 168 1685 ter
202 1653 243 1682 et
278 1642 402 1682 dustu
455 1639 646 1688 diuersis,
701 1642 882 1681 mirabili
933 1644 1044 1684 inter
1080 1642 1117 1683 se
1154 1646 1281 1685 modo
1316 1646 1575 1694 commistis,

108 1706 477 1759 complicatisque,
509 1704 586 1745 fint
622 1705 814 1755 conflati,
864 1718 949 1758 quo
994 1707 1261 1760 simplicitate
1296 1719 1338 1748 et
1375 1710 1575 1762 elegantia

106 1771 329 1812 struecurae
384 1768 519 1811 multo
571 1771 746 1810 caeteris
799 1770 989 1813 musculis
1025 1784 1097 1812 cor
1133 1772 1330 1820 inferius,
1382 1785 1423 1814 at
1458 1785 1574 1815 tanto

106 1835 285 1876 vtilitate
336 1833 632 1883 excellentius,
682 1834 751 1875 est.
834 1834 979 1888 Quum
1026 1837 1067 1876 in
1120 1836 1284 1889 singulis
1330 1839 1492 1891 punffis
1531 1838 1578 1878 fi-

107 1899 208 1940 brae
245 1898 316 1938 fibi
351 1898 497 1938 vicinis
529 1909 735 1947 annexae,
783 1899 962 1953 istaeque
1015 1913 1145 1954 porro
1179 1913 1274 1941 cum
1314 1901 1574 1955 sequentibus

105 1962 352 2004 coniunctae
401 1962 502 2015 sint,
556 1975 660 2016 quae
706 1962 773 2002 vel
824 1963 993 2016 oblique
1047 1965 1110 2004 vel
1165 1966 1368 2005 arcuatim
1405 1968 1445 2008 in
1482 1967 1576 2008 alias

107 2028 369 2077 inseruntur,
405 2026 472 2066 vel
521 2040 624 2081 quae
664 2026 904 2080 serpentino
939 2029 1258 2082 progrediuntur
1291 2029 1441 2079 duffii,
1489 2043 1575 2070 non

109 2093 150 2133 in
191 2093 348 2132 rectam
384 2090 543 2133 actione
578 2091 821 2143 rediguntur
856 2093 1031 2140 lineam,
1076 2095 1187 2142 qnod
1226 2093 1336 2133 fibris
1373 2095 1575 2144 omnino,

108 2157 235 2198 solito
273 2156 400 2196 modo
435 2157 475 2196 in
512 2157 644 2196 media
682 2167 792 2209 parte
847 2156 1008 2208 liberis,
1061 2158 1239 2210 solisque
1294 2159 1574 2198 extremitati·

107 2220 182 2262 bus
234 2217 355 2271 fixis,
407 2220 593 2261 accidere
644 2231 835 2272 oportet,
888 2220 954 2263 sed
1006 2223 1234 2263 constantes
1289 2224 1331 2262 in
1384 2224 1455 2262 suo
1502 2222 1575 2262 s1tu

108 2286 210 2328 ,4550
229 2284 361 2327 Acad.
383 2282 477 2340 Imp.
495 2284 564 2326 Sc.
583 2283 690 2328 Tom.
713 2284 752 2327 V.
773 2287 818 2325 P.
838 2283 888 2326 11.
1147 2284 1187 2326 O
1225 2298 1250 2325 o
1476 2298 1577 2326 con·
