2041 2738
859 201 978 257 »tate
1041 199 1205 277 )9φ(
1266 204 1388 260 &323⁴-

715 305 1021 364 SOLVTIO
1053 307 1518 398 PROBLE'MATIS

1075 412 1160 457 Ex
1211 447 1234 456 .,
1293 441 1308 448 -.

408 444 975 583 METHODO
1050 458 1807 586 TANGENTIVM

969 626 1036 673 IN
1040 626 1251 675 VERSA

1015 793 1207 837 Auctore

820 904 881 949 M.
931 902 1380 954 PLATZMANN.

1045 1371 1079 1448 §-
1118 1411 1156 1443 ι.

361 1452 492 1569 Ex
527 1525 638 1568 notis
675 1524 996 1582 proprietatibus
1032 1526 1239 1584 linearum
1275 1537 1502 1569 curuarum
1536 1527 1723 1583 respec‘hr
1741 1536 1837 1570 tan-

362 1593 550 1647 gentium
594 1590 661 1632 vel
700 1593 910 1634 radiorum
949 1603 1195 1634 curuaturae
1228 1591 1297 1632 vel
1339 1591 1514 1633 aliarum
1550 1594 1673 1639 huius
1708 1605 1838 1646 gene-

363 1657 418 1698 ris
471 1654 772 1706 affectionum,
830 1656 857 1696 fi
902 1666 1154 1710 quaerantur
1199 1666 1353 1696 curuae
1395 1655 1460 1695 his
1505 1656 1835 1711 proprietatibus

361 1721 622 1774 gaudentes,
675 1720 901 1761 solutiones
943 1721 1197 1774 plerumque
1234 1719 1411 1762 familias
1450 1721 1647 1773 quasdam
1684 1733 1835 1762 curua-

362 1798 458 1826 rum
498 1786 798 1838 suppeditant,
833 1785 982 1838 quibus
1016 1777 1112 1825 istae
1149 1789 1423 1838 proprietates
1460 1784 1705 1825 tribuendae
1739 1785 1832 1826 fint.

361 1849 433 1890 Ex
468 1848 549 1889 hoc
583 1862 731 1902 genere
765 1850 1076 1904 problematum
1113 1848 1217 1888 illud
1257 1860 1425 1901 quoque
1464 1848 1535 1898 est,
1573 1850 1687 1889 cuim
1725 1862 1835 1890 nunc

363 1911 633 1955 solutionem
677 1925 891 1967 exponere
937 1915 978 1955 in
1024 1904 1213 1955 animum
1249 1912 1412 1952 induxi.
1498 1910 1725 1966 Quaeritur
1760 1927 1834 1953 au-

365 1988 450 2019 tem
495 1976 572 2016 isto
613 1977 868 2030 problemate
903 1990 1029 2019 curua
1065 1976 1100 2018 B
1125 1976 1171 2016 M
1207 1976 1266 2017 ita
1304 1986 1570 2030 comparata,
1624 1988 1669 2017 vt
1703 1978 1833 2018 dusto

363 2042 482 2083 radio
518 2051 767 2082 curuaturae
805 2038 841 2082 C
864 2041 912 2082 M
949 2042 996 2082 ad
1032 2042 1234 2095 punitum
1272 2043 1568 2094 quodcumque
1591 2053 1740 2083 curuae
1762 2040 1829 2090 M,

361 2119 470 2161 quae
505 2106 624 2146 datae
659 2106 863 2158 pofitione
898 2106 1031 2147 rectae
1068 2104 1174 2146 AN
1206 2106 1246 2144 in
1282 2102 1325 2145 N
1359 2117 1578 2155 occurrat,
1626 2105 1675 2147 fit
1720 2107 1828 2147 sem-

359 2184 433 2227 per
468 2167 740 2223 CM2AN5
776 2171 819 2211 iu
853 2171 952 2212 data
987 2171 1150 2212 ratione
1188 2180 1233 2212 vt
1266 2182 1303 2210 m
1328 2183 1395 2212 :1-

1713 2286 1746 2336 §.
1786 2296 1828 2325 2.
