2041 2738
876 209 990 258 ...gb-:g
1054 204 1070 259 )
1111 204 1249 260 186(
1310 210 1425 258 gagg<-

418 323 645 365 clufionem
678 318 726 358 ab
759 317 827 358 illa
860 315 1076 358 Euleriana
1120 316 1289 371 prorsus
1338 314 1543 358 diuersam
1567 330 1647 367 ,me
1670 320 1867 369 ⁴calculus

418 386 682 440 perduceret,
717 381 1071 435 quemadmodum
1103 392 1156 422 ex
1189 381 1415 434 specimine
1450 378 1568 420 huius
1603 383 1744 424 calculi
1782 384 1870 425 heic

417 448 694 503 proponendo
727 444 959 499 apparebit,
998 445 1110 496 quod
1147 456 1193 487 ea
1228 457 1304 496 qua
1341 456 1413 497 par
1450 443 1504 483 est
1543 445 1737 485 modestia
1762 444 1871 489 Geo-

416 521 648 553 metrarum
685 508 931 550 accuratiori
974 509 1158 550 examini
1210 507 1354 548 lubens
1407 506 1597 558 subiicio‚
1639 510 1736 561 ‘quo
1771 511 1872 552 scili-

421 584 486 616 cet
517 574 674 615 occasio
702 573 794 626 ipsis
831 571 1161 613 subministretur
1192 571 1300 611 hanc
1335 571 1594 621 dofirinam,
1629 584 1735 624 quae
1772 578 1875 614 non-

417 639 519 679 dum
555 638 648 680 satis
697 635 867 680 exculta
902 636 1086 687 videtur,
1134 634 1309 678 vlterius
1360 634 1644 690 amplificandi
1676 645 1717 677 et
1751 635 1876 691 perfi-

415 702 565 747 ciendi.

595 833 633 884 §-
671 846 713 873 2.
781 830 850 874 Ne
884 838 1024 873 autem
1061 827 1144 870 hoc
1179 826 1221 869 in
1257 825 1426 881 negotio
1477 825 1721 881 superfluam
1757 824 1878 866 susci-

412 895 522 952 piam
574 908 767 952 operam,
820 894 1149 948 disquisitionem
1202 904 1333 934 meam
1370 903 1423 932 ex
1460 892 1543 933 istis
1575 890 1778 930 adornare
1815 890 1876 928 in-

413 961 523 1002 stitui
557 960 748 1002 formulis
782 958 1069 1012 generalibus,
1119 969 1214 1009 quas
1251 955 1432 996 summus
1468 955 1636 995 Eulerus
1680 954 1718 994 in
1756 953 1873 996 Noxr.

414 1021 773 1065 Commentarior.
823 1022 1080 1063 Academiae
1131 1019 1379 1071 Petropolit.
1431 1018 1577 1057 Tomo
1614 1016 1726 1066 XV,
1772 1014 1878 1057 xix

410 1096 452 1129 et
486 1086 584 1137 XX,
636 1099 715 1141 pro
767 1085 1012 1138 aequilibrio
1058 1093 1112 1127 et,
1146 1093 1264 1122 motu
1316 1081 1567 1122 laminarum
1620 1080 1878 1121 elasticarurn

414 1151 594 1193 tradidit.
677 1147 741 1191 Sit
794 1151 924 1202 igitur
975 1147 1093 1187 filum
1143 1145 1350 1202 elast-icum
1387 1143 1568 1192 AMB‚
1604 1144 1647 1184 in
1698 1142 1879 1196 figuram

419 1215 692 1256 curuilineam
755 1211 918 1254 AMB
968 1203 1267 1258 incuruatum',
1329 1208 1401 1249 vbi
1438 1209 1622 1261 quidem
1673 1206 1881 1248 facilitatis

418 1279 544 1333 gratia
577 1278 848 1331 supponimus
903 1275 1005 1316 hanc
1055 1287 1227 1314 curnam
1264 1273 1305 1311 in
1342 1270 1492 1312 eodem
1544 1271 1672 1325 plano
1718 1272 1796 1310 esse
1832 1269 1882 1309 s1-

421 1353 534 1391 tam,
571 1342 690 1383 huius
724 1349 864 1382 autem
901 1351 1050 1381 curuae
1085 1337 1354 1377 coordinatae
1406 1348 1482 1386 pro
1530 1336 1684 1388 puniio
1719 1333 1769 1373 M
1805 1333 1882 1373 fiut

419 1404 654 1454 Asz,
685 1401 932 1454 MXr-y,
969 1412 1145 1453 tumque
1182 1399 1439 1440 elementum
1483 1410 1632 1438 curuae
1669 1397 1774 1436 Mm
1808 1408 1883 1435 ex·

419 1470 628 1524 primatur
669 1481 742 1522 per
774 1466 861 1515 ds,
916 1464 1085 1518 angulus
1136 1475 1237 1504 vero
1273 1475 1395 1515 quem
1437 1474 1558 1503 curua
1596 1461 1644 1502 ad
1679 1460 1879 1515 punc‘ium

419 1533 473 1575 M
506 1545 602 1574 cum
639 1532 826 1572 ordinata
858 1529 966 1569 MX
1001 1526 1145 1577 efficit,
1180 1527 1259 1567 siue
1294 1525 1334 1564 A
1358 1526 1408 1565 M
1433 1524 1490 1572 X,
1538 1524 1770 1576 defignetur
1804 1536 1882 1575 per

421 1593 476 1648 Φ.
540 1594 605 1636 Vt
641 1607 748 1635 nunc
784 1593 907 1635 huius
952 1601 1100 1634 curuae
1135 1588 1276 1642 portio
1310 1586 1360 1627 M
1383 1585 1418 1626 ’Β
1455 1586 1636 1641 figuram
1672 1584 1781 1626 suam
1820 1587 1884 1624 in-

425 1659 666 1702 variabilem
719 1654 962 1705 eonseruet‚
1015 1652 1173 1694 etiarnfi
1224 1651 1296 1693 ista
1339 1652 1483 1704 portio
1516 1650 1625 1690 AM
1663 1651 1786 1690 fuerit
1819 1648 1885 1692 r'e-

423 1724 559 1774 stit-a,
609 1732 724 1780 patet
756 1721 797 1763 id
832 1720 921 1761 fieri
954 1719 1086 1774 poffe,
1139 1716 1187 1765 fij
1220 1715 1405 1770 portioni
1441 1714 1540 1756 ΜΒ
1576 1714 1618 1754 in
1654 1713 1914 1755 directiones

427 1790 637 1844 tangentis
685 1786 823 1828 iundia
876 1784 1130 1839 supponatur
1182 1781 1297 1833 virga
1342 1779 1472 1832 rigida
1506 1778 1642 1828 MT,
1678 1780 1741 1819 cui
1778 1778 1884 1819 eius-

423 1853 543 1895 modi
579 1854 685 1894 vires
719 1850 796 1892 fint
832 1849 1084 1904 applicatae,
1142 1857 1243 1898 quae
1279 1845 1320 1883 in
1366 1840 1613 1897 aequilibrio
1664 1841 1917 1882 consistant·

423 1925 523 1958 cum
573 1916 653 1956 illis
688 1915 834 1967 quibus
885 1913 1027 1967 portio
1060 1908 1165 1951 ΒΜ
1201 1907 1394 1949 afficitur.
1461 1906 1548 1947 lam
1593 1907 1718 1957 igitur
1753 1904 1781 1945 fi
1818 1906 1882 1946 vis
1916 1923 1919 1926 ·

423 1979 651 2021 secundum
684 1979 959 2020 direc'tionem
996 1973 1202 2028 tangentis
1238 1983 1360 2025 agens
1396 1970 1562 2012 dicatur
1597 1971 1665 2020 T,
1709 1972 1772 2011 vis
1809 1982 1881 2009 au·

425 2052 513 2084 tem
548 2042 765 2085 dimetiom
799 2040 1006 2095 tangentis
1039 2033 1309 2080 normalis'fit
1348 2034 1389 2076 V
1413 2035 1512 2075 P:
1533 2033 1577 2074 V
1612 2044 1653 2075 et
1696 2035 1882 2076 distantia
1921 2053 1923 2057 ν

424 2121 448 2148 a
478 2103 633 2160 punito
666 2107 886 2148 contaetus
921 2105 999 2150 M,
1045 2103 1093 2142 ad
1143 2098 1270 2154 quam
1304 2098 1404 2140 haec
1440 2099 1502 2138 vis
1554 2098 1602 2138 fit
1654 2099 1881 2154 applicata,

423 2168 686 2218 VM=v,
737 2162 1039 2208 erit'omnino.
1064 2162 1326 2207 momentum
1363 2163 1574 2217 potentiae
1610 2163 1704 2203 inde
1737 2162 1883 2204 oriun—

424 2234 502 2276 dae
534 2245 615 2295 pro
648 2231 801 2292 punsto
835 2229 1337 2286 M=V1v52patetque
1388 2227 1507 2270 fimul
1560 2224 1640 2269 hoc
1678 2234 1882 2269 momen-

532 2323 534 2327 ·
613 2326 616 2327 ν
853 2323 857 2329 ›
904 2307 911 2319 ‘
1790 2300 1883 2333 tum

215 1000 303 1041 Τὼ.
327 1001 376 1038 II.

234 1051 303 1101 fig.
331 1064 361 1095 Ι,
