2041 2738
557 182 673 237 »⁹55ss
736 180 754 241 )
789 196 876 236 301
914 182 934 243 s
993 186 1107 239 5223<-

107 302 151 344 in
193 295 450 350 sequentibus
494 294 744 350 explicanda
785 293 1161 350 differtationibusg
1217 304 1414 340 externae
1447 299 1555 342 mire

105 363 360 417 respondeat.
427 359 578 414 Margo
619 359 796 401 bafilaris
839 361 981 414 plenus
1010 363 1066 403 est
1103 363 1214 403 intus
1248 360 1361 402 fibris
1395 365 1557 405 carneis

103 426 366 474 ramificads,
401 423 548 477 quibus
584 423 795 475 agentibus
840 423 970 466 latera
1004 424 1202 478 marginis
1234 424 1555 469 contrahuntur.

107 490 154 530 Id
190 490 359 542 quidem
396 500 447 537 eo
483 486 635 540 magis,
668 500 753 540 quo
786 488 961 541 propior
995 487 1104 528 sedes
1138 488 1188 529 fit
1222 487 1372 541 angulo
1406 488 1557 535 cordis,

110 552 169 593 Et
201 551 336 592 fibulis
368 550 637 604 peculiaribus
670 559 885 603 praeterea
921 552 1031 591 intus
1067 563 1210 604 margo
1244 551 1460 592 instructus
1498 552 1556 593 est

110 616 154 655 in
194 616 306 656 hunc
348 615 561 655 manifesto
593 613 717 653 finem
739 642 750 661 ,
801 624 848 654 vt
881 614 1011 656 latera
1046 613 1090 653 in
1124 614 1268 666 systole
1305 614 1558 656 contrahant

112 679 393 731 marginisque
429 675 700 729 explicationi
736 672 948 716 resistant(
996 675 1121 718 Vnde
1155 687 1274 730 patet
1308 679 1357 717 ad
1394 678 1558 720 solitam

109 742 480 788 constricstionem‚
530 737 824 791 parietumque
870 738 1094 790 aequalem
1141 741 1559 792 approximationem

112 805 161 845 ad
196 807 293 845 axin
328 801 530 848 cauimus,
567 800 794 850 marginem
828 798 1043 841 bafilarem
1080 803 1254 843 minime
1287 802 1456 851 faCtum,
1491 803 1560 844 sed

112 868 161 907 ad
195 867 304 907 aliud
343 864 549 917 peculiare
582 873 713 914 genus
749 861 1042 903 contractionis
1079 863 1305 905 formatum
1342 867 1434 906 esse.
1472 864 1563 907 Co-

108 942 184 969 nus
218 937 395 977 contra,
431 937 516 978 quo
549 937 677 976 vsque
711 923 780 964 hic
815 923 854 964 se
887 925 1149 967 dextrorsum
1185 927 1404 977 extendit,
1438 928 1565 970 laeuis

109 993 220 1033 intus
254 992 326 1038 est,
363 988 476 1029 fibris
513 989 728 1030 instructus
765 987 910 1039 planis,
944 990 1121 1031 minime
1154 990 1449 1039 eminentibus,
1485 1003 1564 1045 pro

110 1054 245 1108 figura
276 1053 374 1094 coni
406 1050 785 1104 longitudinaltbus.
855 1050 936 1091 Hic
971 1064 1072 1106 ergo
1107 1055 1325 1107 quominus
1359 1064 1564 1095 transuer-

109 1116 255 1158 salibus
304 1118 381 1156 fuis
429 1113 541 1154 fibris
592 1114 775 1154 externis
823 1114 990 1166 aequali
1032 1119 1240 1170 parietum
1276 1118 1326 1158 ad
1358 1117 1456 1158 axin
1489 1130 1566 1173 ap.-

113 1179 424 1235 proximatione
456 1177 767 1232 constringatur,
802 1175 862 1216 nil
894 1176 1038 1220 obstat.

626 1307 663 1347 F
663 1305 777 1348 ibrae
808 1305 1037 1358 angulares.

299 1368 445 1410 Fibrae
481 1368 689 1422 angulares
724 1378 870 1410 natura
905 1378 947 1410 et
983 1370 1144 1410 afflone
1177 1382 1378 1424 perquam
1412 1372 1563 1415 ssmiles

114 1431 207 1471 funt
248 1429 394 1471 fasciae
440 1430 688 1473 infundibuli
736 1431 864 1475 fibris.
932 1429 997 1473 Vt
1032 1434 1266 1486 marginem
1303 1434 1381 1475 hae
1419 1436 1563 1478 bafila·

113 1505 218 1549 rem,
254 1493 446 1546 angulum
480 1494 571 1535 illae
605 1496 849 1543 ventriculi,
896 1495 969 1547 qui
1003 1509 1096 1548 pars
1133 1507 1326 1537 extrema
1360 1502 1561 1552 marginis

115 1555 186 1604 est,
217 1556 353 1595 versus
386 1556 545 1607 septum
580 1557 745 1596 ducunt.
824 1556 1013 1608 Angulus
1047 1561 1202 1609 pariter
1236 1573 1281 1599 ac
1320 1573 1464 1613 margo
1497 1565 1564 1605 in-

115 1617 285 1657 structus
317 1619 426 1657 intus
460 1617 515 1657 est
551 1618 697 1658 multis
732 1613 844 1658 fibris
879 1618 1130 1668 ramificatis‚
1176 1621 1227 1661 ab
1262 1621 1393 1664 altero
1426 1625 1470 1664 in
1504 1626 1565 1667 al-

117 1690 254 1720 terum
292 1681 492 1733 parietem
527 1682 847 1728 transeunt1bu5,
881 1681 1029 1733 quibus
1066 1683 1132 1725 ille
1168 1684 1210 1723 in
1243 1685 1388 1735 systole
1423 1689 1561 1729 cordis

114 1743 348 1784 contrac'tus
382 1753 558 1784 tenetur.
623 1740 871 1785 Contrac‘tus
903 1757 1005 1796 ergo
1038 1746 1207 1798 angulus
1241 1748 1411 1801 analoga
1434 1752 1562 1793 ac'tio-

110 1817 163 1845 ne
198 1806 441 1858 composita,
474 1816 521 1846 vt
555 1818 716 1857 margo,
748 1806 934 1860 partibus
968 1807 1165 1850 fibrarum
1200 1812 1475 1864 angularium,
1496 1816 1558 1855 in-

106 1869 310 1909 feriorem
346 1869 483 1909 cordis
516 1868 774 1922 superficiem
810 1872 1137 1922 occupantibus,
1171 1884 1211 1913 et
1244 1875 1321 1929 iis>
1356 1887 1459 1926 quae
1495 1878 1561 1920 su·

110 1935 319 1984 periorem
354 1941 508 1981 tenent,
540 1932 589 1971 ad
628 1932 812 1973 mediam
846 1933 956 1973 inter
989 1945 1182 1989 Vtrasque
1215 1936 1334 1977 fibras
1364 1939 1562 1981 directio-

115 2006 211 2033 nem
248 1995 361 2035 reita
396 1995 663 2036 sinistrorsum
700 1996 841 2035 versus
875 1998 1129 2047 superiorem
1164 2011 1328 2051 partem
1361 2000 1459 2054 septi
1485 2005 1564 2044 du·

117 2058 241 2097 citur..
307 2057 352 2096 ln
404 2057 486 2097 hoc
534 2067 674 2099 tamen
730 2058 893 2099 nullum
939 2060 1112 2101 dubium
1146 2062 1232 2109 est,
1288 2064 1389 2114 quin
1426 2066 1562 2108 solum

115 2120 313 2172 punctum
353 2120 506 2161 mobile
539 2126 581 2160 in
616 2120 767 2173 angulo
802 2121 863 2168 fit,
898 2119 984 2161 fixa
1023 2124 1134 2163 sedes
1166 2125 1209 2163 in
1242 2134 1336 2164 ortu
1363 2124 1562 2171 fibrarum

119 2184 168 2222 ad
199 2181 315 2223 filum
347 2183 656 2238 cartilagineum
689 2183 894 2240 posterius
932 2197 1061 2240 aeque
1100 2197 1141 2228 ct
1176 2188 1220 2228 in
1253 2188 1476 2231 insertione
1509 2192 1561 2233 ad

813 2246 845 2289 Ρ
860 2258 889 2302 Ρ
926 2259 950 2297 3
1470 2265 1562 2310 cref
