2041 2738
582 204 697 256 »eis
761 197 957 259 >287(
1020 204 1135 255 Σεξσ-

126 313 245 370 super
280 312 475 369 angulum
512 313 743 371 transeunt,
777 326 819 357 et
845 317 893 359 ab
921 317 1118 360 anteriori
1154 317 1323 359 demum
1357 311 1473 358 edrte
1509 312 1586 357 ob?

126 379 241 432 lique
276 372 528 428 retr-orsum,
580 383 694 432 quae
719 383 835 433 super
858 393 861 395 “
883 382 1112 433 marginem
1163 380 1415 424 anteriorem
1450 379 1584 421 cordis

128 442 405 495 adscendunt,
439 444 645 484 ventrales
680 441 805 484 fibrae
840 445 1062 486 ventriculi
1099 455 1235 498 partes
1270 453 1473 486 extremas
1508 444 1586 483 du·

127 515 247 557 cunt3
296 508 469 561 proinde
506 507 726 548 secundam
761 510 894 550 varias
928 508 1204 551 dimensiones
1250 508 1449 565 parietem
1485 517 1587 547 ven-

126 570 266 611 triculi
299 571 560 613 contrahunt.

530 686 658 729 Huius
690 686 967 730 contraa'ionis
1001 687 1178 729 vtilitas.

312 752 502 794 Maxime
538 752 706 802 quidem
743 751 982 792 Vniuersalis
1016 750 1121 792 haec
1158 751 1323 803 parietis
1358 754 1584 797 ventriculi

129 817 360 860 contractio
394 814 506 855 fibris
539 813 720 855 efficitur
771 814 942 855 internis
979 815 1231 866 mediisque,
1284 828 1379 856 cum
1425 818 1586 863 afflone

128 891 395 923 externarum
449 878 706 926 coniunffis,
758 891 864 931 quae
913 879 1082 930 quidem
1135 880 1346 932 imprimis
1398 881 1586 923 internae

126 945 304 986 omnino
337 954 530 984 externas
562 942 796 993 decuffant3
845 942 1044 995 proinde,
1081 942 1142 981 vti
1178 943 1404 984 secundum
1445 943 1587 986 latitu«

127 1009 271 1059 dinem
316 1007 411 1048 istae
445 1006 617 1057 oblique
650 1006 965 1057 ventriculum,
1021 1005 1240 1050 secundum
1277 1008 1587 1060 longitudinem

128 1072 334 1120 eundem,
385 1068 660 1115 contrahunt,
711 1069 1063 1119 breuioremque‚
1115 1078 1162 1107 vt
1196 1071 1476 1121 angustiorem
1514 1085 1590 1113 ex-

126 1145 287 1181 ternae,
323 1132 511 1172 reddunt.
577 1129 638 1170 At
664 1131 735 1171 iste
765 1132 933 1184 quidem
964 1132 1262 1173 contractionis
1291 1134 1466 1181 moduS,
1502 1148 1588 1187 quo

128 1197 213 1237 alio
242 1195 441 1236 fibrarum
476 1195 601 1234 strato
634 1194 968 1247 longitudinalis‚
1004 1196 1086 1237 alio
1121 1196 1423 1245 tmnsuersalis,
1456 1197 1588 1241 effici-

128 1269 220 1314 tur,
271 1258 382 1299 haud
416 1257 536 1311 plane
570 1257 795 1300 satisfacere
828 1261 991 1300 videtur
1026 1259 1103 1299 sola
1136 1260 1326 1299 instituto
1362 1270 1403 1299 et
1435 1260 1586 1303 finibus

126 1332 312 1362 naturae.
378 1319 495 1360 Dum
533 1323 645 1361 enim
684 1321 733 1361 ad
769 1321 894 1362 aliam
929 1320 1261 1369 dimensionem,
1309 1315 1490 1376 eamque
1525 1327 1589 1365 so·

123 1384 235 1433 lam,
271 1384 508 1432 internum,
544 1384 592 1424 ad
627 1383 750 1424 aliam
790 1394 1043 1434 externum,
1094 1385 1355 1426 contrahitur
1391 1387 1591 1442 stratum;

122 1460 209 1489 non
246 1448 401 1501 poterit
434 1459 520 1487 non
557 1446 646 1488 aliis
682 1448 723 1487 in
760 1448 916 1490 sedibus
950 1446 1190 1497 internum
1234 1461 1319 1500 quo
1358 1451 1469 1491 sensu
1505 1453 1589 1494 hoc

124 1512 262 1551 minus
316 1510 607 1561 contrahitur,
659 1511 967 1561 impedimento
1008 1513 1085 1550 effe
1130 1521 1334 1560 emerim,
1385 1516 1427 1554 in
1473 1515 1586 1565 aliis,

122 1585 209 1627 quo
247 1572 376 1624 magis
428 1571 532 1611 illud
585 1580 766 1611 externo
812 1572 1009 1622 arantur,
1060 1573 1295 1627 relinquere
1346 1576 1480 1624 idem,
1533 1579 1584 1619 ab

126 1648 262 1689 eoque
310 1633 428 1674 solui.
509 1632 692 1674 Videtur
730 1648 781 1676 eo
816 1637 948 1689 magis
999 1635 1101 1676 haec
1155 1637 1395 1679 coniectura
1442 1640 1585 1684 locum

125 1699 303 1748 habere,
341 1710 434 1739 cum
470 1697 679 1750 plurimae
713 1697 842 1739 fibrae
877 1700 1054 1740 omniuo
1089 1700 1347 1753 fasciculique
1382 1702 1583 1747 fibrarum

130 1773 173 1803 et
208 1762 452 1809 columnae,
490 1775 511 1800 a
544 1761 769 1815 parietibus
803 1761 986 1812 solutae,
1019 1766 1060 1805 in
1100 1765 1340 1806 cauitatibus
1372 1770 1584 1810 ventricu-

59 1829 62 1833 “
127 1827 265 1867 lorum
301 1825 565 1879 reperiantur.
632 1823 777 1878 Quae,
826 1839 923 1867 cum
962 1828 1296 1873 extremitatibus
1332 1828 1412 1871 suis
1448 1833 1585 1886 vtplu-

127 1892 285 1931 rimum
321 1889 470 1941 parieti
504 1888 584 1929 smt
619 1891 810 1940 amiatae,
861 1891 994 1932 media
1029 1902 1144 1944 parte
1177 1892 1355 1941 solutae,
1409 1908 1480 1948 per
1515 1910 1583 1938 ca-

128 1965 228 1995 vum
266 1953 375 1993 reeta
411 1951 646 2000 transeant,
696 1966 875 1997 concaua
910 1956 1078 2009 parietis
1112 1967 1228 2010 parte
1266 1956 1407 1997 relicta
1442 1960 1583 2002 breui-

128 2030 248 2064 ores,
302 2016 714 2066 validiori-omnino
760 2020 1044 2061 contractione
1079 2034 1099 2059 a
1135 2020 1267 2060 stratis
1303 2024 1581 2066 exterioribus

129 2080 285 2121 solutae
322 2079 397 2120 effe
431 2079 634 2122 videntur.
702 2080 831 2135 Quod
866 2084 1026 2136 ipsum,
1062 2097 1146 2136 quo
1185 2086 1323 2133 minus
1358 2090 1440 2128 toti
1476 2090 1589 2129 acci-

129 2144 226 2184 dere
263 2143 381 2197 poffit
417 2143 541 2201 strato
574 2146 759 2196 interno,
794 2161 844 2190 eo
878 2149 1082 2202 imprimis
1117 2147 1374 2200 prohibitum
1408 2150 1484 2189 effe
1519 2152 1585 2191 vi-

129 2207 275 2259 detur,
325 2206 438 2261 quod
481 2207 551 2258 sua
599 2203 739 2266 sponte
775 2212 953 2266 quoduis
989 2211 1028 2252 se
1063 2211 1279 2254 contrahat
1329 2212 1498 2255 stratum
1534 2215 1578 2254 in

1443 2289 1584 2321 varios
