2041 2738
889 276 1006 330 »ete
1067 272 1265 335 )368(
1326 261 1498 330 &taes

430 391 738 448 obseruationes
769 388 966 434 adhibere
1001 389 1429 441 solentAstronomi,
1480 391 1510 433 fi
1547 389 1617 434 sex
1648 391 1714 435 vel
1749 394 1902 453 sept-em

427 458 550 511 pedes
589 459 817 506 excedant,
867 457 944 497 vix
979 469 1177 514 campum
1227 457 1271 498 in
1320 455 1441 501 coelo
1489 469 1576 499 vno
1608 459 1738 513 gradu
1772 465 1903 507 maio-.-

422 535 514 564 rem
551 525 745 578 excipere
781 520 951 564 soleant.

614 660 648 708 ξ,
692 670 765 700 21.
834 652 898 702 At
931 669 1038 700 vero
1076 657 1103 700 si
1141 658 1377 713 excipiatur
1415 656 1696 700 obseruationi
1734 658 1902 713 quidem

429 732 444 758 ¹
487 715 640 765 Ostob.
676 724 828 774 factae,
875 734 1048 765 tantum
1078 736 1266 766 errorem
1303 736 1355 765 eo
1392 725 1531 764 minus
1585 723 1714 766 tribui
1764 724 1903 778 posse,

425 787 535 837 quod
574 797 660 829 tum
699 802 869 842 quoque
923 790 1110 830 eiusdem
1149 789 1334 830 nominis
1371 799 1413 830 et
1449 788 1639 830 eiusdem
1693 789 1904 842 magnitu-

423 850 531 891 dinis
567 866 684 894 error
712 854 1070 896 obseruationibus
1107 853 1253 896 diebus
1278 867 1333 904 29
1353 853 1611 907 Septembris
1631 863 1670 894 et
1694 865 1751 892 20
1773 849 1903 894 Osto-

425 915 508 957 bris
562 917 683 958 ineffe
735 919 924 968 deberet,
977 931 1053 960 nec
1108 929 1247 959 tamen
1300 918 1489 960 constare
1531 930 1605 959 cur
1642 926 1723 960 no'n
1761 915 1901 957 obier-

423 981 538 1021 vatio
574 983 641 1023 die
680 996 734 1022 12
771 983 884 1035 Aug,
927 997 979 1024 12
1019 982 1180 1024 Minut.
1222 984 1372 1036 primis
1423 994 1599 1025 erronea
1633 983 1711 1024 effe
1755 981 1900 1036 poffit3

422 1045 467 1085 ad
506 1045 749 1088 huiusmodi
800 1048 1099 1099 exceptionem
1140 1047 1269 1088 facilis
1306 1048 1362 1088 est
1412 1046 1633 1101 responfio.
1701 1044 1897 1089 Primum

420 1110 534 1149 enim
573 1111 817 1153 huiusmodi
854 1124 973 1151 error
1009 1124 1085 1165 pro
1117 1111 1196 1153 *isto
1231 1112 1295 1152 die
1338 1111 1477 1152 locum
1515 1112 1593 1151 vix
1629 1110 1784 1151 habere
1821 1123 1933 1164 po-,

423 1175 525 1221 tuit,
574 1177 670 1229 quia
708 1186 891 1227 quatuor
942 1175 1033 1216 illae
1085 1176 1423 1224 obseruationes,
1478 1187 1579 1228 quas
1618 1173 1708 1216 cel.
1744 1173 1901 1226 Meffier

422 1238 499 1278 isto
536 1240 602 1279 die
641 1241 840 1283 instituit,
890 1239 1078 1294 egregrie
1116 1240 1226 1281 inter
1259 1239 1297 1281 se
1333 1239 1611 1281 consentiunt.
1675 1238 1836 1280 Deinde
1868 1238 1899 1281 fi

421 1316 500 1357 pro
536 1305 600 1345 die
637 1315 976 1346 commemorato
1029 1314 1164 1347 tantus
1218 1304 1513 1348 admitteretur
1560 1317 1703 1357 error,
1756 1315 1901 1346 neces-

420 1369 511 1409 sum
548 1371 642 1409 effct
677 1380 722 1408 vt
757 1369 1115 1410 obseruationibus
1153 1369 1293 1410 diebus
1323 1382 1403 1418 10,
1443 1382 1492 1410 11
1531 1381 1589 1419 14
1622 1380 1661 1410 et
1704 1380 1755 1419 15
1783 1367 1894 1422 Aug.

423 1433 561 1479 fixeris,
616 1433 806 1484 aequales
860 1432 967 1478 fere,
1024 1434 1164 1472 saltem
1203 1445 1286 1472 non
1341 1433 1474 1473 multo
1512 1435 1697 1473 minores
1732 1444 1897 1472 errores

425 1495 737 1547 tribuerentur·⁷
805 1496 885 1534 iarn
942 1508 1046 1534 vero
1098 1497 1383 1548 vnusquisque
1436 1495 1660 1539 diiudicare
1712 1496 1896 1549 poterit,

424 1570 567 1600 rtrum
607 1560 687 1599 hoc
727 1559 938 1612 probabile
973 1558 1044 1606 fit,
1082 1569 1128 1598 vt
1172 1558 1534 1597 exercitatissimus
1568 1560 1806 1602 obseruator
1853 1561 1897 1601 in

423 1623 779 1664 obieruationibus
816 1634 996 1661 numero
1031 1621 1122 1674 plus
1154 1634 1278 1675 quam
1303 1620 1467 1675 <viginti
1504 1621 1698 1662 institutis
1731 1634 1897 1664 errores

423 1687 685 1730 commiserit
726 1699 781 1727 10
820 1686 976 1728 Minut.
1014 1686 1192 1740 primor.
1230 1685 1411 1740 fingulos
1446 1685 1635 1727 eiusdem
1672 1686 1875 1729 nominis.

611 1814 642 1862 ξ.
683 1826 751 1852 22.
817 1812 886 1854 Ex
923 1811 987 1852 his
1024 1810 1152 1865 igitur
1176 1823 1289 1865 -quae
1339 1809 1424 1851 iam
1464 1809 1730 1865 demonstrata
1778 1810 1896 1865 sunt,

422 1879 488 1921 ista
526 1877 823 1931 consequentia
875 1877 1114 1918 deducitur:
1167 1886 1331 1930 tempus
1378 1874 1642 1916 Periodicum
1682 1873 1892 1918 Cometae

426 1945 557 1986 Anno
582 1955 700 1994 1770
728 1942 954 1990 obseruari,
989 1952 1101 1982 certe
1138 1941 1282 1982 decem
1321 1939 1437 1980 annis
1473 1941 1738 1995 exiuperari‚
1773 1941 1894 1982 ideo·

426 2023 507 2061 que
529 2010 627 2050 istud
663 2016 985 2060 argumentum,
1019 2007 1128 2059 quod
1158 2017 1213 2045 ex
1243 2004 1448 2046 breuitate
1484 2006 1687 2059 temporis
1705 2004 1891 2048 Periocli-

430 2076 462 2114 ci
496 2070 666 2127 petitur,
695 2073 741 2110 ad
778 2070 1085 2123 infringendam
1125 2069 1245 2110 fidem
1280 2067 1621 2110 obseruationum
1656 2070 1778 2125 plane
1797 2083 1897 2114 cor-

427 2150 562 2178 ruere.
630 2135 756 2191 Quod
794 2136 904 2175 enim
942 2134 968 2174 si
1007 2134 1088 2175 hoc
1123 2143 1416 2186 argumentum
1453 2137 1532 2175 rite
1581 2134 1651 2176 fibi
1687 2135 1892 2177 constaret

427 2215 506 2256 pro
541 2211 734 2254 tempore
772 2199 990 2241 Periodico
1031 2213 1052 2239 a
1086 2199 1205 2240 nobis
1239 2198 1479 2253 proposito,
1513 2199 1649 2242 nescio
1684 2212 1761 2240 cur
1804 2210 1892 2240 non

431 2278 562 2320 aeque
600 2265 796 2318 stringens
830 2266 986 2306 censeri
1022 2263 1190 2305 deberet
1236 2275 1313 2316 pro
1347 2273 1541 2317 tempore
1573 2264 1786 2319 periodico
1820 2263 1894 2304 de·

374 2384 377 2385 ⁷
428 2343 519 2375 cem
556 2341 777 2373 annorum.
843 2328 933 2371 Iam
972 2340 1110 2372 autem
1161 2326 1369 2373 euidentia
1408 2326 1682 2372 Geometrica
1715 2341 1739 2368 a
1773 2327 1893 2368 nobis

1714 2391 1893 2443 demon:
