2041 2738
843 252 962 305 »3223
1018 247 1041 305 )
1079 244 1222 304 ³60(
1285 248 1398 301 53³3<-

392 369 508 420 Aug.
558 363 760 406 decreuit.
842 362 936 406 Nec
981 361 1074 403 heic
1108 360 1286 403 omnino
1319 358 1507 400 succedet
1543 361 1735 401 contrarii
1771 373 1846 403 no-

392 432 520 474 minis
574 428 831 469 mutationes
872 426 1055 481 tempori
1100 424 1301 466 Perihelii
1338 431 1380 462 et
1414 423 1671 474 elongat-{oni
1706 424 1791 463 eius
1825 439 1846 464 a

389 491 519 537 Nodo
566 493 820 541 tribuendo,
875 489 1190 534 obseruationes
1236 488 1304 530 die
1342 495 1365 524 2
1405 496 1447 527 et
1486 496 1539 523 12
1581 485 1689 541 Aug.
1727 484 1849 526 fadus

390 559 503 600 inter
539 555 579 597 se
615 556 859 606 conciliare,
891 554 963 598 nifi
1000 554 1151 594 iterum
1186 551 1371 592 enormis
1406 560 1523 590 error
1547 562 1624 601 pro
1652 564 1668 588 r
1696 547 1847 594 Ostob.

390 621 675 662 admittendus
703 619 763 664 fit.
807 618 937 673 Quod
974 616 1001 658 ss
1037 626 1179 657 autem
1215 615 1474 668 supponatur
1507 614 1627 655 istum
1662 624 1852 655 errorem

393 686 636 739 quindecim
672 684 832 725 minuta
867 684 1002 737 prima
1037 692 1123 721 non
1160 683 1372 733 superare,
1411 678 1550 718 saltem
1586 677 1626 717 in
1664 679 1744 717 vna'
1780 675 1850 717 vel

394 750 523 791 altera
565 749 733 789 istarum
779 742 1119 789 obseruationum
1167 743 1311 784 diebus
1351 754 1374 780 2
1411 752 1452 781 et
1488 754 1542 780 12
1582 740 1693 793 Aug.
1731 739 1855 779 fasta-

394 826 492 856 rum
545 825 663 854 error
713 811 945 865 reperietur
988 809 1138 849 decem
1185 809 1347 847 minuta
1394 806 1526 858 prima
1572 804 1855 857 exsuperans,

395 889 523 927 quem
565 876 850 930 vnusquisque
901 885 981 928 pro
1025 872 1089 913 his
1123 869 1481 913 obseruationibus
1518 868 1735 910 absurdum
1773 867 1851 907 effe

392 939 603 982 fatebitur.

585 1065 619 1114 ξ.
659 1077 729 1114 13.
795 1061 925 1105 Nunc
957 1063 1085 1116 igitur
1119 1060 1278 1114 oppido
1313 1058 1462 1110 liquet,
1497 1060 1672 1100 assumto
1692 1058 1765 1100 isto
1785 1070 1855 1101 vu·

397 1132 490 1174 lore
525 1128 851 1182 semiparametri
893 1128 1169 1176 1‚3182567
1207 1123 1416 1164 eiusmodi
1451 1122 1673 1164 Elementa
1702 1120 1838 1162 Come

401 1207 465 1237 tae
499 1206 586 1235 non
622 1190 801 1235 inueniri
835 1191 965 1243 posse,
996 1203 1099 1243 quae
1133 1201 1212 1242 pro
1245 1196 1440 1240 tempore
1468 1185 1686 1229 Periodico
1712 1189 1857 1229 decem

398 1270 633 1304 annorum,
667 1258 724 1298 ita
759 1252 1117 1297 obseruationibus
1153 1249 1459 1298 satisfacerent,
1495 1259 1540 1290 vt
1575 1262 1738 1292 errores
1775 1262 1858 1293 non

400 1323 474 1365 nifi
508 1321 630 1363 valde
666 1317 900 1373 probabiles
934 1318 1079 1360 locum
1113 1314 1336 1365 haberent;
1371 1326 1521 1356 verum
1559 1323 1694 1356 tamen
1723 1324 1769 1353 vt
1797 1313 1859 1355 de·

401 1385 654 1429 monstretur
699 1381 808 1422 nulla
851 1382 1059 1421 eiusmodi
1099 1378 1322 1419 Elementa
1356 1376 1538 1418 inueniri
1574 1378 1716 1430 posse,
1766 1375 1860 1427 qui-

401 1459 566 1500 cunque
602 1456 682 1499 pro
718 1443 1063 1496 semiparametto
1095 1440 1289 1481 statuatur
1324 1440 1465 1490 valor,
1507 1439 1764 1491 probandum
1802 1437 1859 1478 est

398 1509 638 1556 huiusmodi
665 1506 867 1555 valorem,
887 1505 970 1546 siue
989 1504 1121 1558 priori
1141 1502 1274 1544 nostra
1294 1502 1570 1553 suppositione
1595 1503 1859 1551 1‚2539746

403 1577 644 1621 minorem,
689 1569 770 1609 siue
804 1568 913 1609 inter
953 1567 1235 1615 1‚2589746
1267 1573 1310 1604 et
1347 1575 1385 1610 ι,
1407 1567 1628 1611 3182567
1664 1566 1863 1605 interme·

400 1639 534 1686 dium,
568 1634 637 1675 seu
672 1631 856 1685 denique
890 1629 1113 1684 posteriori
1147 1625 1430 1681 suppositione
1472 1629 1743 1676 1⁷31825⁶7
1779 1639 1865 1667 ma·

404 1703 554 1750 iorem,
587 1696 811 1738 Elementa
846 1706 925 1749 pro
959 1693 1096 1736 orbita
1130 1688 1334 1733 Cometae
1370 1689 1577 1743 praebere,
1611 1703 1716 1742 quae
1746 1689 1861 1731 nullo

403 1764 536 1809 modo
578 1772 674 1803 cum
719 1758 1077 1800 obseruationibus
1122 1754 1330 1796 conciliari
1373 1755 1549 1807 possunt.
1618 1753 1860 1806 Antequam

406 1841 514 1872 vero
556 1825 662 1867 hanc
708 1822 1038 1875 disquisitionem
1077 1819 1372 1872 suscipiamus,
1423 1817 1642 1859 nonnullas
1680 1817 1859 1870 sequelas

406 1905 463 1934 ex
494 1889 703 1946 prioribus
736 1886 883 1927 nostris
919 1884 1090 1927 calculis
1126 1882 1380 1925 dedmenias
1404 1911 1416 1931 ‚
1461 1884 1729 1933 praemittere
1762 1892 1862 1923 con-

408 1958 561 1998 ueniet.
626 1951 670 1993 Si
704 1951 831 2005 igitur
864 1945 1220 1990 obseruationibus
1256 1947 1416 1987 dierum
1455 1957 1478 1984 2
1500 1955 1544 1984 et
1568 1957 1627 1995 29
1660 1945 1765 1997 Aug.
1803 1945 1859 1985 sa-

410 2015 696 2060 tisfaciendum
741 2014 816 2062 fit,
870 2013 988 2054 facile
1024 2021 1137 2065 patet
1172 2010 1214 2052 id
1247 2007 1433 2051 adhibito
1467 2008 1610 2050 valore
1644 2009 1863 2061 semipara-

412 2083 537 2126 merri
575 2079 735 2121 minore
769 2088 894 2129 quam
935 2088 974 2122 1,
998 2076 1217 2124 2589746
1249 2071 1337 2114 fieri
1374 2083 1457 2113 non
1494 2073 1615 2124 posse,
1650 2073 1721 2112 nifi
1743 2083 1861 2113 error

412 2143 712 2188 obseruationis
747 2140 814 2181 die
855 2151 875 2178 1
915 2136 1067 2180 Ostob.
1103 2138 1307 2183 institutae
1336 2130 1447 2177 'vltra
1478 2147 1532 2183 27
1553 2135 1705 2177 Minut.
1728 2135 1863 2188 prima

411 2219 635 2264 augeatur,
681 2214 824 2247 contra
861 2214 962 2244 vero
999 2202 1237 2244 inuenietur
1272 2198 1393 2242 valor
1425 2198 1753 2254 semiparametri
1786 2198 1861 2238 isio

411 2275 539 2318 allato
572 2271 831 2326 aliquantum
865 2266 1037 2322 minor,
1083 2277 1164 2322 pto
1198 2273 1280 2320 quo
1316 2274 1436 2306 error
1470 2263 1764 2308 obseruationis
1796 2262 1862 2301 die

1805 2333 1858 2362 12
