2041 2738
899 244 1015 295 »2053
1076 238 1218 297 >320
1257 242 1273 299 (
1334 246 1449 295 eze*-

441 355 522 395 fuit
554 352 734 395 rostrum
756 380 767 401 ,
819 351 971 406 palmis
1014 354 1111 396 illud
1148 353 1386 396 demulcens
1421 364 1463 395 et
1495 355 1536 395 in
1563 356 1677 410 ‘aqua
1711 360 1899 414 agitans;

442 419 576 471 caput‘
597 417 741 459 itidem
776 418 970 469 quassans,
1008 418 1119 472 quasi
1151 418 1288 460 lutum
1322 421 1538 460 excussura
1573 418 1663 462 Sus.

629 545 677 586 In
716 545 823 587 sicco
858 546 1078 588 detentum
1115 548 1268 590 animal
1300 549 1346 590 fit
1379 548 1721 604 inquietiffimum
1750 556 1793 589 et
1814 561 1901 591 car·

445 619 537 649 cere
591 609 696 650 elabi
742 610 937 650 omnibus
985 612 1154 652 artubus
1192 615 1418 666 annititur-3
1470 611 1590 654 affusa
1625 623 1763 652 autem
1800 626 1903 666 aqua

444 671 560 711 velut
594 674 769 715 recreari
804 675 984 723 videtur,
1020 678 1341 727 aquam‘rostro
1377 677 1545 730 perluit,
1581 675 1621 716 et'
1644 675 1756 716 labra
1776 677 1903 717 clausa

442 735 612 776 subinde
648 737 866 791 aperiendo
911 737 1089 792 plausum
1128 753 1200 780 ceu
1236 741 1456 782 lambentis
1493 753 1641 792 aquam
1680 740 1791 779 canis
1827 751 1903 780 ex-

447 798 576 850 citat;
627 801 696 840 vel
733 803 828 841 a'e‘re
865 814 937 854 per
972 805 1199 857 comprelsa
1237 805 1343 844 labia
1376 804 1579 857 expulso,
1637 803 1900 856 tremuloque

444 873 592 902 eorum
645 874 685 904 et
740 865 856 906 rostri
889 873 1006 906 motu
1043 869 1228 907 excitato
1264 869 1451 922 instrepit
1484 869 1596 920 aquis
1631 867 1783 907 Anatis
1818 869 1901 907 fere

445 925 580 964 instat.
645 926 807 967 Vocem
843 941 944 968 vero
978 930 1121 984 sponte
1154 934 1346 972 edentem
1381 933 1517 974 audiui
1553 943 1781 981 nunquam.
1826 930 1903 971 Sed

444 987 545 1029 dum
598 989 816 1030 vellicatur
866 992 1037 1033 aliterue
1088 996 1287 1044 irritatur,
1323 996 1541 1037 stridorem
1587 995 1705 1035 velut
1747 993 1901 1033 Soricis

444 1051 516 1090 vel
552 1049 902 1107 vespertilionis,
953 1068 1035 1096 non
1081 1068 1216 1096 tamen
1255 1059 1447 1099 iteratum
1484 1058 1600 1107 edit,
1652 1068 1796 1110 aperto
1830 1057 1902 1096 diu

445 1113 551 1155 rictu
587 1115 713 1155 fimul
749 1117 956 1165 minitans,
995 1121 1209 1172 morsuque
1246 1132 1453 1173 appetens.
1521 1121 1702 1172 Erigitur
1737 1130 1780 1159 et
1819 1131 1902 1160 non

438 1186 543 1218 ‘raro
576 1177 617 1217 in
657 1178 816 1231 plantas
851 1189 892 1219 et
928 1182 1067 1223 clunes
1089 1212 1099 1231 ‚
1142 1184 1254 1234 quafi
1290 1185 1667 1238 circumspectans,
1704 1195 1800 1223 vere
1836 1195 1907 1224 au-

448 1248 533 1281 tem
571 1243 710 1283 cresto
746 1252 788 1282 et
825 1247 1152 1296 qnaqnauersum
1186 1250 1342 1300 agitato
1376 1250 1508 1289 rostro
1543 1251 1683 1289 a'e'rem
1720 1257 1760 1287 et
1785 1245 1905 1286 efflu-

445 1304 517 1344 uia
552 1314 727 1346 externa
760 1318 939 1360 captans.
983 1310 1201 1351 Admouet
1236 1312 1381 1352 itidem
1421 1313 1566 1353 crebro
1600 1312 1776 1352 rostrum
1810 1310 1902 1356 ori,

446 1366 538 1406 imo
571 1367 690 1408 labiis
727 1369 936 1409 interdum
975 1374 1105 1414 ferme
1139 1374 1353 1421 insertum,
1396 1376 1535 1426 lingua
1570 1375 1783 1415 celerrime
1804 1373 1904 1413 lam-

447 1428 537 1479 bit,
590 1431 777 1481 mihique
821 1432 901 1473 hoc
950 1436 1078 1475 modo
1113 1433 1251 1475 bibere
1284 1437 1416 1475 visum
1455 1437 1522 1476 est.
1591 1436 1749 1476 Eodem
1787 1436 1900 1473 enim

447 1494 577 1533 modo
612 1493 795 1533 ebream
832 1494 1056 1538 lumbricos
1094 1498 1134 1535 in
1169 1510 1275 1548 aqna
1311 1500 1472 1548 rostro,
1525 1511 1598 1539 ceu
1653 1500 1782 1551 digito
1817 1497 1905 1538 col-

447 1554 575 1596 lectos
612 1556 856 1596 admouebat
894 1560 956 1598 ori
993 1569 1032 1599 et
1068 1559 1291 1610 ingerebat.

635 1685 683 1726 In
722 1686 946 1731 interuallis
980 1688 1132 1731 horum
1169 1699 1360 1731 motuum
1399 1686 1900 1742 inquietiffimianimalis,

452 1747 619 1800 quando
654 1752 922 1803 tranquillum
960 1755 1222 1805 relinquitur,
1260 1755 1340 1794 fine
1377 1754 1672 1793 intermissione
1708 1753 1747 1792 in
1783 1753 1902 1808 alter-

449 1821 589 1851 vtrnm
627 1811 732 1853 latus
767 1816 1000 1864 decumbit,
1055 1828 1098 1857 et
1136 1818 1296 1870 palmae
1331 1818 1570 1870 plantaeque
1608 1816 1730 1855 vnins
1765 1815 1900 1853 lateris

447 1873 658 1923 innisum,
692 1879 865 1919 alterius
902 1881 1064 1932 plantae
1104 1881 1277 1921 tremula
1311 1892 1351 1920 et
1387 1880 1605 1921 celerrima
1642 1878 1902 1919 motitatione

449 1948 523 1990 per
558 1947 694 1979 totum
732 1954 895 1995 corpus,
933 1946 1118 1983 maxime
1155 1946 1195 1983 in
1233 1955 1379 1984 ventre
1414 1954 1455 1983 et
1488 1942 1707 1987 lateribus,
1744 1939 1902 1979 scabere

449 2010 491 2038 et
526 2001 637 2051 quafi
675 2006 836 2056 pestere
874 2017 997 2057 atque
1033 2019 1232 2047 excutere
1268 2008 1398 2046 vellus
1436 2009 1611 2050 amabat,
1685 2004 1793 2045 M¹re
1830 2016 1902 2042 au-

446 2069 536 2102 tem
571 2066 778 2106 versatiles
818 2068 910 2108 sunt
946 2070 1130 2121 plantae,
1187 2074 1242 2111 ita
1275 2081 1318 2110 vt
1352 2071 1514 2111 lumbos
1555 2081 1720 2121 quoque
1754 2068 1900 2108 iisdem

451 2126 662 2178 adtmgcre
697 2130 828 2181 ponit.
895 2132 1044 2172 Parum
1082 2144 1229 2174 contra
1267 2145 1458 2175 monetur
1490 2134 1630 2183 cauda,
1663 2144 1768 2185 quae
1794 2130 1903 2170 sem·

448 2200 523 2242 per
555 2189 640 2231 fere
675 2192 790 2234 falcis
824 2197 867 2237 in
901 2198 1075 2238 modum
1112 2203 1284 2238 curuata
1315 2198 1432 2239 iacet.
1778 2253 1819 2295 A

1824 2266 1903 2308 qua
