2041 2738
570 206 670 256 »ἓῡῐέ
734 207 755 259 )
792 217 881 257 299
918 205 939 256 <
1000 205 1114 256 23³3<-

110 326 279 370 tamque
309 311 533 355 retrorsum
567 321 609 353 et
642 313 915 356 finisti-orsum
952 327 1081 367 porro
1114 315 1296 364 ducunt,
1338 315 1561 368 pulmona-

108 381 166 421 les
212 378 467 426 anteriores,
518 389 573 417 ex
620 377 768 428 quibus
802 377 1094 417 circumflexae
1130 379 1305 419 dextrae
1341 379 1562 433 oriuntur,

109 452 201 483 tum
237 441 437 492 reliquam
475 440 730 479 anteriorem
767 437 918 479 orificii
953 440 1217 492 portionem,
1251 450 1340 482 tum
1367 450 1408 480 et
1427 441 1563 494 ipsum

109 505 311 559 punctum
365 501 519 550 mobile
555 502 953 549 circumflexarum,
988 514 1041 542 ex
1077 513 1197 554 parte
1233 503 1431 545 anteriori
1466 503 1561 544 fini-

110 567 306 608 strorsum
341 564 522 605 trahunt.
590 563 806 615 Vtraeque
842 576 941 615 ergo
981 574 1118 604 totum
1153 565 1362 607 orificium
1398 566 1448 606 ad
1470 567 1563 619 sep-

110 640 201 671 tum
237 628 503 678 adstringunt.
578 625 834 677 videturque
872 627 1024 665 necesse
1059 628 1151 674 effe,
1190 638 1237 667 vt
1266 628 1364 668 bafis
1387 629 1562 669 arteriae

108 690 378 747 pulmomhs,
415 688 514 727 dum
549 686 755 726 orificium
793 688 1014 728 ventriculi
1047 690 1352 742 constringitur,
1380 693 1562 742 dumque

112 765 282 796 truncus
316 752 487 791 arteriae
520 748 715 800 sanguine
750 749 934 801 impulso
970 749 1171 799 dilatatur,
1207 753 1248 790 in
1279 765 1395 804 rugas
1420 753 1561 804 aliquo

109 817 240 858 modo
290 813 591 863 complicetur,
626 820 669 850 et
703 810 816 853 bulbi
864 810 1042 864 figuram
1085 814 1238 858 arteria
1277 813 1331 856 fic
1368 824 1561 868 tempore

109 875 274 931 systoles
309 875 442 916 cordis
475 872 631 915 induat.

720 1003 946 1061 Insert'ores.

301 1065 618 1109 Circumflexae
660 1065 832 1107 deXtrae
877 1065 1094 1109 inferiores
1130 1081 1153 1107 a
1187 1064 1267 1108 basi
1310 1075 1450 1108 aortae
1484 1079 1562 1120 po-

113 1130 254 1171 sterius
288 1140 421 1177 natae,
457 1129 629 1169 insertae
665 1131 841 1170 anterius
879 1133 921 1172 in
956 1130 1203 1179 interimas,
1239 1128 1348 1168 basm
1375 1131 1470 1170 coni
1498 1143 1565 1170 ar·

113 1192 250 1233 teriosi
282 1193 593 1244 constringunt3
627 1192 836 1234 minorem
870 1202 1008 1232 tamen
1044 1205 1168 1244 quam
1207 1192 1436 1244 superiores
1471 1190 1564 1233 effi-

116 1257 232 1295 ciunt
279 1256 644 1309 constrictionem3
694 1268 788 1295 cum
823 1255 1042 1307 posteriori
1078 1257 1143 1295 sua
1176 1256 1445 1295 extremitate
1483 1255 1563 1294 mi-

112 1319 228 1358 nime
262 1319 309 1356 ad
345 1318 441 1358 latus
478 1320 576 1358 coni
609 1317 813 1356 finisti-um
849 1328 1007 1368 vsque,
1042 1327 1088 1356 vt
1122 1317 1368 1370 superiores,
1405 1318 1566 1370 pertin·

113 1389 232 1431 gant,
269 1380 454 1430 adeoque
491 1379 562 1416 vix
597 1379 813 1417 dimidiam
850 1389 1010 1429 partem
1048 1379 1437 1425 circumferentiae,
1489 1387 1561 1419 aut

110 1442 284 1481 luminis
321 1444 438 1487 coni,
473 1452 598 1492 quam
639 1439 990 1492 complectuntur,
1023 1441 1246 1483 includant.
1312 1441 1380 1482 Sic
1418 1440 1559 1481 senslm

113 1505 245 1554 magis
290 1504 500 1553 magisque
534 1513 574 1541 et
606 1514 762 1549 conus,
815 1504 887 1552 qui
923 1504 1121 1554 integram
1160 1503 1303 1545 circuli
1339 1504 1566 1544 circumfe-

114 1565 292 1605 rentiam
330 1566 369 1602 in
407 1564 520 1612 apice
554 1575 680 1613 prope
717 1564 908 1603 arteriam
947 1565 1232 1614 pulmonalem
1267 1565 1421 1612 habet,
1468 1577 1563 1604 ver-

114 1627 179 1667 sus
230 1626 334 1667 basin
370 1623 534 1670 deficit,
586 1624 710 1674 inque
763 1624 992 1676 fimplicem
1043 1628 1204 1666 tandem
1240 1628 1443 1679 parietem
1479 1627 1564 1667 abit

118 1688 374 1730 ventriculi,
419 1696 460 1725 et
504 1686 737 1726 constric'tio
775 1686 990 1726 succeffiue
1031 1690 1255 1729 imminuta
1291 1690 1384 1730 coni
1421 1690 1461 1728 in
1496 1702 1568 1742 pa-

117 1752 232 1792 rietis
268 1752 444 1801 denique
480 1749 563 1797 abit
597 1749 921 1801 applicationem
960 1749 1185 1804 simplicem
1222 1753 1269 1793 ad
1291 1754 1448 1804 septum
1469 1764 1565 1794 cor-

117 1816 192 1854 dis.
259 1812 321 1852 Vt
363 1811 661 1852 circumflexae
706 1812 932 1865 superiores
978 1825 1072 1853 cum
1108 1815 1415 1867 pulmonalibus
1452 1825 1566 1856 ante-

119 1878 238 1927 rius3
289 1875 502 1914 inferiores
550 1886 644 1913 cum
683 1875 905 1914 interiectis
939 1875 1182 1926 cohaerent;
1243 1878 1566 1930 interiestaeque

120 1940 295 1993 proinde
329 1939 565 1979 inferiorum
605 1938 985 1985 circumflexarum,
1020 1940 1281 1989 pulmonales
1303 1941 1563 1993 superiorum

123 2003 341 2041 adjutrices
380 2002 482 2041 sunt.
548 1998 748 2053 Vtrisque
781 2001 1053 2041 anterioribus
1087 2002 1197 2042 fibris
1232 2003 1471 2044 constrictio
1495 2014 1567 2042 co-

121 2067 194 2111 ni,
229 2077 310 2116 quo
346 2075 473 2114 vsque
507 2075 580 2115 per
615 2063 903 2105 circumflexas
939 2064 1061 2112 licet,
1103 2066 1328 2117 perficitur·
1395 2065 1471 2106 Vti
1503 2066 1568 2106 in-

122 2126 314 2169 teriectae
362 2138 463 2165 vero
506 2138 695 2178 magnam
735 2137 893 2178 partem
927 2138 1094 2178 quoque
1131 2131 1171 2169 in
1207 2127 1465 2183 pulmonales
1502 2127 1568 2165 in-

123 2190 342 2240 seruntur,
393 2197 675 2243 praeterquam
724 2191 836 2242 quod
881 2189 923 2228 in
960 2202 1125 2231 crenam
1162 2193 1396 2240 transeant,
1448 2200 1489 2231 et
1522 2190 1565 2230 in

759 2251 789 2293 P
808 2264 836 2306 p
871 2263 897 2289 2
1456 2264 1571 2308 parte
