2041 2738
914 207 1029 253 ‘’⁵203ss
1093 199 1291 261 )232(
1350 204 1459 254 2:9ss4

473 318 547 358 tim
598 311 932 354 extremitatibus
970 313 1048 354 suis
1085 314 1127 354 in
1162 324 1306 353 arcum
1341 310 1523 365 superius
1561 312 1790 363 transeunt,
1836 328 1921 369 quo

470 391 564 419 cum
601 380 774 419 caeteris
810 376 942 419 huius
967 389 1051 418 non
1090 380 1246 427 modo,
1291 377 1355 421 scd
1390 387 1433 416 et
1467 375 1611 417 sinistri
1648 376 1751 417 smus
1784 379 1923 430 fibris,

461 452 795 485 communicant.
1700 459 1725 463 ..

613 569 694 609 Per
727 566 860 608 latera
882 564 1089 618 fibrarum
1122 576 1263 605 nexus.
1337 562 1474 608 Nexzis
1502 571 1578 619 per
1603 555 1784 618 fibi-illus

1103 626 1297 679 obliquas.
1920 666 1925 669 ,

647 690 717 735 Sic
773 691 918 733 fasciae
950 702 1050 743 ergo
1085 700 1126 729 et
1161 689 1341 731 fasciculi
1377 688 1710 731 extremitatibus
1749 688 1826 730 suis
1862 679 1925 732 in-¹

464 767 528 796 ter
580 755 619 796 se
673 766 824 797 mutuo
877 753 1195 806 complicantur.
1276 753 1362 793 lam
1421 745 1596 806 fingulae
1647 764 1926 803 vtrorumque.

461 818 622 865 fibrae,
682 831 770 860 tum
825 831 928 870 quae
972 817 1128 857 mediae
1179 817 1388 871 imprimis
1424 816 1663 857 fasciculum
1701 816 1926 857 fasciamue

461 881 667 937 efficiunt,
711 892 796 923 tum
835 881 982 933 quibus
1019 885 1221 922 extremis
1260 881 1455 932 vtrinque
1491 880 1707 919 fasciculus
1744 879 1928 930 quisque·

463 956 533 986 aut
576 946 700 986 fascia
748 958 843 986 cum
882 945 959 983 suis
992 943 1140 983 vicinis
1177 944 1378 985 fasciculis
1415 952 1485 982 aut
1519 942 1656 982 fasciis
1689 941 1926 993 contingit:²

462 1010 590 1050 variis
642 1022 725 1049 non
782 1008 918 1047 minus
967 1006 1074 1046 inter
1125 1007 1163 1045 se
1219 1006 1521 1046 connectuntur
1557 1006 1705 1046 modis.
1770 1003 1919 1055 Longe

460 1073 654 1113 omnium
689 1070 852 1122 quidem
894 1067 1214 1118 vulgatiffimum
1251 1068 1337 1117 est,
1372 1068 1484 1120 quod
1519 1066 1679 1107 fibrillis
1718 1071 1748 1109 is
1785 1079 1917 1107 nexus

461 1134 728 1181 tenuissimis„
767 1132 913 1185 quibus
951 1131 1060 1182 ipsae
1096 1130 1220 1170 fibrae
1253 1131 1455 1178 constant,
1494 1128 1716 1176 efficiatur,
1749 1130 1919 1181 oblique

413 1228 415 1233 ‚
462 1197 514 1240 ab
548 1198 676 1238 altera
714 1206 1058 1248 quarumcunque
1097 1195 1329 1235 vicinarum
1368 1193 1567 1233 fibrarum
1615 1183 1930 1242 secedentibus‚2'

460 1261 502 1299 in
537 1261 703 1301 alteram
741 1260 918 1299 insertis.
1006 1254 1221 1298 Nimirum
1258 1271 1280 1296 a
1315 1259 1474 1297 dextris
1510 1257 1558 1297 ad
1592 1255 1742 1297 finistra
1776 1255 1928 1309 fibrae„

460 1323 652 1364 fasciatae
690 1323 844 1373 pariter
877 1321 1016 1360 dexi-ri
1050 1320 1300 1369 ventriculi,
1352 1333 1397 1360 ac
1441 1318 1703 1359 fasciculatae
1739 1317 1884 1360 finistri
1907 1347 1925 1368 ,

462 1387 509 1426 in
539 1386 755 1439 superficie
791 1384 927 1423 cordis
964 1382 1177 1433 superiori,
1214 1383 1254 1420 in
1289 1383 1480 1422 inferiori
1511 1395 1532 1419 a
1563 1381 1727 1420 finistris
1750 1382 1797 1419 ad
1817 1383 1919 1421 dex-

463 1460 553 1497 tra,
609 1450 768 1502 apicem
808 1447 953 1485 verius.
982 1444 1147 1494 oblique
1182 1445 1518 1496 progrediuntur.
1586 1442 1672 1482 Iam
1708 1442 1918 1494 quaelibet

461 1513 581 1558 fibra,
614 1512 826 1551 dexterior
862 1510 903 1546 in
940 1508 1156 1546 communi
1194 1509 1421 1558 progressu,
1463 1518 1520 1545 ex
1552 1506 1682 1544 lat-ere
1717 1505 1789 1544 suo
1824 1505 1920 1546 fini-

462 1576 546 1616 stro
579 1573 746 1616 fibrillas
783 1571 936 1624 spargit
972 1569 1186 1615 continuo,
1220 1569 1262 1607 in
1295 1567 1472 1617 fibi-am,
1499 1567 1714 1607 sinisterius
1748 1567 1819 1606 fibi
1855 1567 1919 1606 vi-

459 1640 631 1688 cinam,
683 1636 852 1685 eiusque
905 1633 945 1671 in
1000 1632 1106 1671 latus
1154 1632 1393 1679 dextrum,
1436 1630 1605 1676 oblique
1650 1630 1917 1672 transeuntes.

463 1701 687 1756 Quaelibet
721 1702 762 1742 in
801 1695 1019 1736 communi
1053 1696 1258 1747 progressu
1297 1694 1519 1735 sinisterior
1554 1693 1733 1741 easdem,
1767 1708 1788 1734 a
1815 1694 1918 1734 dex-

461 1766 621 1807 teriores
651 1764 721 1805 fibi
757 1760 922 1811 oblique
956 1759 1223 1806 accedentes,
1271 1770 1311 1800 1n
1345 1758 1472 1799 latere
1509 1758 1581 1797 suo
1615 1756 1768 1796 dextro
1811 1757 1916 1798 reci-

461 1833 546 1883 pit,
582 1829 919 1875 continuatasque
954 1824 1087 1863 {ecum
1126 1823 1165 1863 in
1203 1833 1472 1863 communem
1510 1820 1781 1861 directionem
1818 1833 1917 1874 pro-

465 1895 593 1935 ducit.
659 1890 723 1931 Vt
774 1888 901 1928 fibrae
952 1886 1175 1926 ventriculi
1223 1885 1394 1932 dextri,
1448 1896 1552 1934 quae
1592 1885 1812 1936 proximae
1848 1884 1916 1924 sua

465 1955 709 2006 obliquiraste
746 1948 1000 1998 transuersali
1035 1948 1174 1989 ductui
1209 1949 1324 1995 sunt,
1365 1946 1524 1987 fibrillis
1561 1946 1714 1999 vbique
1749 1948 1916 1988 nestan·

467 2030 534 2061 tur
574 2016 781 2069 obliquis,
834 2012 1100 2054 sinistrorsum
1147 2010 1480 2059 retrorsum‚·seu
1518 2010 1654 2050 ver-sus
1686 2010 1821 2061 basin,
1859 2022 1914 2051 ex

469 2080 652 2136 qualibet
688 2077 790 2132 apici
827 2077 1023 2129 propiore
1059 2074 1158 2114 fibra
1191 2077 1232 2114 in
1267 2076 1475 2126 vicinam,
1532 2074 1612 2114 basi
1647 2076 1912 2127 propiorem,

468 2143 828 2190 adscendentibus3
860 2138 1081 2178 ventriculi
1127 2149 1273 2178 contra
1320 2137 1465 2177 finisti-i
1507 2137 1649 2189 fibrae,
1685 2150 1790 2191 quae
1821 2137 1913 2176 lon-

464 2207 691 2265 gitudinali,
730 2202 865 2246 duetui
910 2201 1152 2257 propiorem
1210 2200 1500 2255 obliquitatem
1542 2201 1725 2252 habent,
1780 2209 1913 2240 trans·

1783 2261 1909 2304 versis
