2041 2738
582 194 695 248 »eat-3
757 190 956 255 ΜΗ(
1018 193 1137 251 ἔξω

124 305 332 364 imprimis
382 306 427 349 ln
477 304 676 362 superiori
721 306 938 363 superficie
970 310 1022 352 ab
1054 310 1171 365 apice
1204 309 1345 365 potius
1379 309 1584 357 finistror:

122 374 210 416 sum
263 382 305 413 et
355 373 494 415 versus
542 372 652 413 basin
704 372 874 426 oblique
925 374 1190 416 adscendunt.
1274 373 1442 418 Deinde
1477 390 1583 420 vero

125 439 252 479 etiam
286 435 368 478 hoc
403 436 611 491 imprimis
648 437 879 478 notandum
915 437 993 480 est:
1039 437 1248 491 Quamuis
1287 437 1466 492 singulae
1500 441 1583 482 fas-

122 500 209 541 ciae
246 499 352 550 illae,
387 512 486 553 quas
521 499 712 548 distinxi,
749 501 797 541 ad
835 502 1118 542 ventriculum
1154 503 1331 542 omnino
1366 503 1578 554 dextrum,

120 566 189 604 vel
224 564 274 604 ad
315 574 418 613 cor,
454 565 590 603 immo
623 564 780 612 etiam,
814 563 843 603 fi
881 565 1044 613 mauis,
1081 565 1128 605 ad
1165 577 1313 618 corpus
1347 566 1580 609 humanum

119 628 387 681 pertineant,
435 627 600 678 eiusque
636 626 712 665 fint
746 627 953 679 musculi;
990 637 1126 668 tamen
1161 629 1372 681 speciatim
1407 630 1498 670 illas
1533 641 1576 672 et

117 691 290 746 proprie
328 690 376 730 ad
412 697 481 729 eas
515 688 722 740 pertinere
758 698 897 741 partes
933 690 1168 739 ventriculi,
1216 704 1315 742 quas
1351 692 1578 744 obducunt,

117 765 161 795 et
194 766 293 806 quas
329 754 394 793 sua
427 752 586 792 afflone
620 751 925 805 constringunt;
960 753 1147 804 proinde,
1186 752 1214 792 fi
1251 755 1434 806 quaestio
1454 758 1578 798 fuerit

115 819 164 859 de
197 816 424 858 directione
457 814 607 858 harum
643 816 866 866 fibrarum3
918 827 1003 857 non
1055 817 1102 857 ad
1137 817 1421 859 ventriculum
1444 848 1454 868 ,
1505 829 1575 860 aut

115 881 165 922 ad
197 893 300 929 cor,
337 880 400 920 sed
436 880 486 919 ad
520 889 658 933 partes
696 878 811 929 illas,
862 879 912 920 ad
943 892 1044 932 quas
1075 881 1316 935 pertinent,
1350 895 1574 935 earumque

111 945 234 986 situm
269 953 310 984 et
344 942 521 996 figuram
542 971 553 992 ,
606 945 685 983 effe
718 944 1040 998 respiciendum.
1105 944 1151 984 Id
1185 955 1322 987 autem
1358 945 1386 986 fi
1421 947 1575 996 facias,

113 1009 191 1049 vix
225 1007 311 1050 vlla
342 1007 512 1059 obliqua
545 1005 651 1048 fibra
685 1007 797 1048 inter
828 1020 972 1050 omnes
1008 1018 1203 1049 externas
1224 1010 1452 1050 ventriculi
1473 1011 1573 1051 dex-

112 1073 169 1112 tri
203 1073 296 1111 erit.
365 1069 488 1124 Quae
533 1070 581 1108 ad
626 1082 780 1110 conum
815 1072 1059 1112 arteriosum
1098 1082 1141 1110 et
1175 1073 1222 1113 ad
1260 1082 1396 1112 totum
1433 1074 1570 1116 infun-

114 1133 323 1182 dibulum,
367 1134 433 1173 seu
468 1141 628 1187 partem
668 1133 906 1175 arteriosam
957 1133 1183 1175 ventriculi
1232 1135 1572 1178 infundibulifor-

111 1210 242 1244 mem,
280 1198 514 1251 pertinent,
550 1197 800 1238 transuersae
833 1197 900 1239 seu
935 1196 1154 1238 circulares
1189 1207 1258 1238 aut
1293 1199 1572 1241 semicircula-

110 1274 177 1302 res
228 1260 321 1300 sunt
369 1273 450 1313 pro
502 1259 566 1301 his
609 1263 795 1313 partibus
842 1262 936 1301 suis.
1000 1258 1206 1301 Oriuntur
1240 1263 1282 1302 in
1319 1262 1400 1302 basi
1433 1265 1568 1306 cordis

109 1323 330 1366 sinisterius
364 1336 419 1363 ex
453 1324 576 1363 fouea
609 1322 869 1374 triangulari,
914 1336 935 1363 a
972 1321 1049 1363 basi
1086 1332 1227 1363 aortae
1261 1334 1303 1366 et
1337 1324 1409 1366 filo
1443 1329 1570 1367 carti-

109 1387 275 1440 lagineo
305 1386 529 1437 anteriori3
560 1385 773 1427 ducuntur
809 1385 906 1425 inde
942 1386 1143 1426 arcuatim
1181 1387 1297 1441 super
1315 1397 1474 1441 partem
1495 1389 1568 1431 ba·

105 1451 267 1493 filarem
321 1451 636 1502 marginemque
687 1448 898 1490 bafilarem
948 1459 991 1489 et
1033 1448 1288 1503 superficiem
1340 1454 1567 1496 ventriculi

108 1514 381 1565 superiorem,
417 1511 630 1564 parallelae
663 1520 786 1561 atque
820 1514 1109 1552 concentricae
1145 1526 1240 1553 cum
1278 1514 1357 1553 basi
1378 1517 1561 1558 arteriae

105 1574 386 1630 pulmonalis‚
422 1573 521 1620 vel,
556 1572 668 1624 quod
702 1572 814 1612 idem
849 1573 925 1622 est,
970 1586 1064 1614 cum
1100 1575 1351 1616 infundibuli
1387 1577 1560 1628 lumine,

105 1637 212 1681 Sunt
247 1650 348 1690 ergo
384 1637 474 1677 veri
510 1634 658 1676 harum
695 1635 874 1689 partium
910 1637 1196 1679 constristores
1230 1649 1271 1679 et
1303 1652 1382 1693 pro
1418 1640 1493 1681 fitu
1521 1655 1564 1686 et

105 1702 240 1755 figura
275 1712 412 1742 earum
449 1699 572 1739 fibrae
608 1698 874 1744 transuersae.
945 1698 1196 1749 Ventrales,
1233 1715 1340 1755 quae
1378 1704 1425 1744 ad
1462 1719 1561 1760 par-

107 1776 191 1808 tem
238 1763 455 1805 ventriculi
490 1763 687 1802 venosam
725 1767 969 1816 pertinent,
1022 1777 1106 1804 non
1144 1766 1276 1807 minus
1312 1773 1560 1811 transuersae

102 1830 196 1870 sunt
230 1841 305 1883 pro
338 1827 414 1867 hac
447 1827 599 1867 venosa
631 1836 758 1880 parte.
825 1825 928 1869 Sunt
961 1840 1130 1881 quoque
1166 1842 1245 1881 pro
1271 1830 1395 1871 corde
1428 1843 1561 1874 trans-

104 1893 259 1941 versae,
294 1901 365 1932 aut
398 1888 481 1930 fere
518 1891 784 1939 transuersae,
832 1900 871 1930 at
906 1890 986 1932 hoc
1019 1893 1185 1944 quidem
1221 1904 1384 1947 praeter
1419 1897 1559 1937 vllum

103 1966 281 1996 naturae
329 1953 456 1994 finem
499 1955 670 2005 accidit3
726 1967 820 1994 cum
860 1955 947 1994 axis
980 1956 1108 2008 partis
1143 1957 1318 1997 venosae
1352 1971 1448 2000 cum
1488 1961 1559 2001 axi

105 2021 239 2061 cordis
292 2028 361 2058 aut
410 2019 632 2058 ventriculi
675 2019 715 2059 in
753 2018 932 2057 eundem
969 2018 1126 2059 sensum
1165 2020 1212 2059 fit
1248 2020 1407 2061 ductus.
1473 2022 1558 2065 Ve-

103 2097 191 2123 ram
230 2091 419 2122 naturam
456 2081 608 2121 dixeris
641 2092 681 2121 et
718 2082 833 2121 vsum
869 2079 1016 2121 harum
1053 2081 1266 2129 fibrarum,
1308 2087 1556 2126 transuersa-

102 2146 159 2187 les
196 2159 263 2188 eas
295 2146 486 2185 vocando
521 2148 644 2198 partis
689 2145 872 2186 venosae.
940 2144 1072 2198 Igitur
1105 2159 1210 2197 quac
1247 2145 1373 2186 fibrae
1409 2159 1554 2189 exter-

102 2225 178 2254 nae
229 2208 452 2252 ventriculi
501 2208 640 2252 dextri
689 2209 732 2249 in
783 2206 1023 2250 vniuersum
1065 2210 1196 2252 dietae
1232 2211 1323 2251 sunt
1360 2210 1554 2264 obliquae

755 2271 845 2313 Nn
883 2284 907 2321 3
1462 2275 1554 2316 eius
