2041 2738
890 212 1005 260 »5213
1066 200 1262 260 )288(
1324 205 1440 255 ἔξω

443 330 582 369 varios
617 323 774 371 sensus,
812 328 1126 370 externumque
1159 315 1359 371 proinde,
1396 314 1471 356 nisi
1506 317 1706 363 omnino,
1747 326 1817 359 aut
1849 330 1898 358 v-

444 393 594 442 bique,
647 387 875 428 maximam
915 393 1056 425 tamen
1091 391 1279 436 partem,
1332 389 1373 421 et
1408 377 1599 435 plurimis
1633 379 1675 418 in
1711 377 1897 437 sedibus,

443 455 658 496 internum
694 452 894 504 sequatur.

507 597 600 653 Vsus
635 605 763 636 nexus
787 590 991 644 fibrarum
1021 595 1096 643 per
1131 586 1332 640 fibrillas:
1384 582 1598 627 contrab‘t’io
1632 583 1843 627 ventriculi

801 665 1009 723 secundum
1040 663 1289 704 latitudinem
1315 660 1531 712 fibrarum.

631 781 869 823 Plurimum
907 788 1046 819 tamen
1083 776 1130 816 ad
1164 775 1441 816 vniuersalem
1490 773 1603 816 illam
1654 775 1908 817 contractio-

452 858 550 887 nem
586 844 882 899 copiosissimus
915 841 1112 882 fibrarum
1149 852 1280 880 nexus
1309 839 1430 888 facit,
1466 839 1654 891 quamuis
1692 840 1799 881 haud
1839 852 1908 891 pa-

447 922 541 952 rum
579 911 700 950 etiam
738 908 809 956 fit,
861 906 971 958 quod
1029 903 1250 945 concursus
1302 901 1499 942 fibrarum
1536 914 1590 941 ex
1628 903 1778 942 maiori
1825 905 1908 943 cir—

449 972 749 1014 cumferentiae
785 980 902 1023 parte
938 970 980 1008 in
1016 978 1177 1022 partem
1217 965 1426 1007 minorem
1469 965 1646 1005 confert.
1713 965 1907 1017 Singulae

448 1036 600 1084 fibrae,
649 1036 750 1075 dum
790 1032 978 1080 fibrillis,
1030 1043 1086 1071 ex
1121 1029 1250 1070 altera
1285 1032 1326 1070 in
1363 1028 1530 1069 alteram
1573 1028 1905 1079 transeuntibus,

446 1099 807 1150 continuatisque,
860 1095 1189 1140 connectuntur,
1238 1091 1451 1132 breuiores
1486 1103 1567 1132 non
1617 1093 1744 1133 modo
1791 1103 1910 1131 com·

447 1163 566 1204 muni
620 1161 779 1202 afflone
827 1159 956 1205 fiunt,
1015 1158 1082 1197 sed
1135 1155 1387 1209 angustiores
1440 1167 1633 1208 quoque,
1692 1154 1909 1208 magisque

448 1227 700 1279 compressae
734 1232 776 1264 et
808 1223 1013 1271 duriores,
1048 1221 1299 1269 redduntur,
1331 1218 1697 1271 ventriculumque
1733 1217 1908 1272 proinde

447 1291 492 1330 in
525 1299 747 1341 vtramque
791 1296 983 1339 partem,
1029 1284 1163 1337 quoad
1199 1283 1505 1335 longitudinem
1541 1291 1583 1322 et
1619 1281 1909 1329 latitudinem,

450 1352 715 1394 contrahunt.
786 1348 976 1389 Fibrillae
1013 1349 1215 1387 nimirum
1251 1347 1293 1385 in
1333 1356 1448 1397 parte
1484 1345 1692 1397 imprimis
1727 1344 1911 1385 infundi-

449 1415 666 1456 bulisormi
686 1411 853 1463 oblique
872 1425 894 1450 a
915 1413 1099 1461 margine
1128 1408 1264 1449 cordis
1293 1407 1489 1448 anteriori
1515 1407 1739 1447 retrorsum
1769 1407 1909 1447 versus

451 1478 562 1519 bafin
591 1479 765 1517 arteriae
793 1473 1045 1526 pulmonalis
1074 1472 1310 1523 ducuntur,
1342 1471 1441 1510 dum
1471 1469 1602 1508 fibrae
1631 1470 1754 1510 huius
1782 1470 1909 1522 partis

449 1542 559 1595 ipsae
589 1553 610 1578 a
642 1538 802 1578 basslari
844 1536 1024 1588 margine
1061 1543 1102 1572 et
1136 1532 1184 1571 ab
1221 1534 1396 1571 arteriae
1436 1531 1688 1582 pulmonalis
1723 1531 1804 1569 bafi
1838 1543 1914 1571 an-

452 1602 632 1645 trorsum
668 1599 838 1649 oblique
875 1608 915 1638 et
950 1596 1216 1638 finistrOrsum
1253 1593 1461 1634 incedunt.
1523 1591 1669 1633 Fibrae
1702 1593 1911 1633 ventrales

453 1666 725 1708 direfflmem
759 1660 1007 1702 fibrinarum
1042 1659 1129 1699 fere
1165 1658 1410 1710 sequuntur,
1446 1669 1468 1695 a
1502 1661 1688 1708 margine
1731 1657 1911 1697 anterio-

455 1734 492 1773 ri
529 1730 698 1783 oblique
733 1725 958 1766 retrorsum
994 1724 1042 1763 ad
1076 1733 1242 1763 creuam
1281 1720 1596 1774 progrediendo.
1662 1718 1729 1760 Sic
1764 1732 1912 1772 margo

454 1794 638 1836 bafilaris
670 1790 838 1843 oblique
876 1787 1107 1830 antrorsum
1144 1796 1186 1827 et
1218 1782 1515 1830 sinistrorsum,
1567 1783 1753 1822 anterior
1801 1795 1914 1823 mar-

456 1870 512 1913 go
549 1856 775 1898 retrorsum
829 1852 998 1904 oblique
1034 1860 1077 1889 et
1111 1846 1377 1889 sinistrorsum
1414 1846 1604 1893 ducitur,
1656 1847 1752 1886 dum
1787 1858 1915 1898 angu-

457 1923 542 1968 lus,
577 1919 735 1961 medius
770 1918 879 1956 inter
915 1915 1146 1966 marginem
1184 1920 1433 1960 vtrumque,
1477 1909 1652 1961 propriis
1687 1909 1765 1949 suis
1800 1909 1913 1950 fibris

459 1982 726 2026 sinistrorsum
763 1979 872 2020 rec'ta
919 1988 1138 2026 mouetur;
1188 1984 1230 2015 et
1264 1969 1518 2013 ventriculus
1552 1985 1651 2025 ergo
1684 1973 1911 2014 secundum

460 2055 684 2097 vtrarnque
719 2041 1016 2084 dimensionem
1049 2053 1070 2080 a
1103 2037 1184 2078 basl
1218 2038 1267 2080 ad
1298 2036 1459 2093 apicem
1492 2045 1533 2077 ct
1566 2049 1588 2078 a
1621 2039 1807 2090 margine
1842 2047 1914 2076 an·

462 2109 611 2153 teriori
644 2107 694 2149 ad
727 2117 895 2151 crenam
930 2102 1199 2149 contrahitur.

1811 2269 1915 2310 Idem
