2041 2738
871 263 987 312 »εἳ-ἐζ
1051 255 1252 316 )-3-52(
1315 259 1458 310 &te-3³*-

418 374 677 429 signini-ibus„
713 371 1188 421 erroribus-:obnoxiae
1223 373 1302 416 effe
1338 371 1638 429 non-poffmt,
1678 374 1882 431 siquidem

419 454 442 480 a
476 439 755 483 iollertiffimo
791 437 1051 499 Astronomo
1086 438 1297 481 institutae
1332 439 1480 489 effent,
1533 448 1710 497 tumque
1746 441 1882 496 fingu-

418 505 481 546 lae
518 506 627 547 inser
661 506 700 547 se
737 506 905 562 egregio
941 503 1147 555 eonsensu
1176 504 1478 558 conspirarent.
1551 502 1719 548 Verum
1755 519 1883 560 quum

416 582 550 623 nuper
587 553 759 611 illustris
794 568 962 622 quidam
980 567 1269 611 Astronomus
1303 568 1601 623 fignificauerit
1621 569 1658 609 se
1686 569 1738 610 de
1768 583 1884 611 meo·

414 647 509 675 rum
557 634 853 676 calculorum·
874 634 1056 674 veritate
1094 645 1146 674 eo
1180 635 1316 676 minus
1352 635 1432 674 effe
1466 629 1726 687 persuasum,
1770 634 1885 687 quod

415 697 753 749 obseruationes,
789 696 935 751 quibus
971 698 1283 747 inniterentur,
1318 698 1368 740 ad
1403 708 1535 740 certas
1571 708 1613 739 et
1644 696 1884 740 infallibiles
1944 714 1946 717 ·

417 763 598 804 conclus
588 776 701 805 ones
753 763 955 806 deducere
989 775 1073 806 non
1109 765 1306 819 poffe11t3
1344 775 1499 817 operae
1544 762 1728 817 pretium
1771 762 1879 806 iudi·

414 829 533 876 caui,
583 839 630 869 vt
666 828 953 881 inquirerem
965 827 1197 881 quodnam,
1236 828 1432 869 meritum
1470 827 1569 870 huic
1603 827 1717 898 dieto
1755 823 1884 869 Cele-

413 891 587 934 berrimi
620 892 735 935 istius
764 891 1014 939 Astronomi
1049 893 1170 934 statui
1205 893 1363 935 debeat.

602 1020 636 1068 §.
676 1032 716 1059 2.
760 1017 1031 1074 ‘optandum
1068 1020 1162 1062 sane
1197 1018 1356 1071 fuisset,
1391 1028 1440 1061 vt
1475 1016 1663 1062 Celebris
1698 1018 1772 1060 ist'e
1807 1016 1885 1061 As·

414 1093 632 1125 tronomus
682 1084 864 1125 rationes
916 1084 1190 1138 exposuisset,
1240 1087 1347 1137 quae
1379 1097 1478 1125 eum
1515 1085 1786 1134 inducerent,
1836 1092 1884 1124 vt

414 1148 466 1187 de
501 1147 862 1191 obseruationibus
904 1144 1053 1188 Celeb.
1090 1147 1243 1200 Meffier
1277 1148 1555 1190 dubitandum
1591 1147 1696 1198 effe,
1736 1147 1886 1188 asseue-

413 1222 553 1265 raret3
606 1223 736 1265 quum
784 1224 887 1254 vero
936 1212 979 1263 id,
1029 1213 1323 1266 intermiserit,
1375 1212 1589 1254 videamus
1639 1209 1789 1263 quibus
1837 1212 1886 1252 de

415 1276 557 1318 cauffis
594 1276 836 1317 huiusmodi
862 1275 1047 1318 'dubium
1085 1271 1262 1317 suboriri
1297 1277 1441 1331 posset.
1508 1276 1590 1317 Hic
1632 1275 1757 1328 igitur
1789 1283 1885 1316 ante

416 1341 561 1381 omnia
597 1341 815 1381 fatendum
855 1340 934 1387 est,
972 1340 1012 1380 in
1051 1340 1362 1381 obseruationes
1411 1342 1563 1383 erroris
1611 1338 1884 1393 suspicionem

415 1405 580 1457 cadere,
637 1403 665 1442 fi
702 1403 817 1443 nullo
855 1404 984 1442 modo
1020 1403 1067 1441 ad
1105 1403 1349 1443 consensum
1401 1414 1508 1443 mter
1545 1403 1583 1443 se
1616 1402 1745 1453 redigi
1781 1413 1884 1453 que-

415 1477 508 1519 ant,
560 1466 599 1508 id
638 1466 691 1506 est
729 1465 754 1504 fi
789 1471 885 1507 dum
921 1465 1223 1507 obseruationes
1274 1465 1461 1519 pluribus
1514 1464 1659 1517 diebus
1703 1464 1740 1505 se
1777 1466 1883 1505 inse-

416 1530 638 1582 quentibus
679 1529 911 1575 institutae,
949 1528 1172 1568 secundum
1212 1529 1368 1580 regulas
1403 1529 1775 1579 interpolationum
1811 1540 1886 1568 ex-

417 1594 686 1642 aminentur,
738 1593 910 1645 infignes
969 1591 1231 1645 reperiantur
1281 1590 1590 1638 aberrationes,
1642 1599 1819 1643 tumque
1855 1591 1885 1631 fi

415 1657 572 1698 nullam
628 1657 807 1710 speciem
861 1654 1049 1695 sectionis
1103 1651 1291 1696 Conicae
1341 1655 1531 1708 detegere
1581 1653 1723 1704 liceat,
1777 1667 1884 1707 quae

415 1734 510 1764 non«
540 1722 775 1763 enormiter
809 1732 832 1759 a
865 1718 1111 1774 quibusdam
1147 1717 1296 1759 harum
1347 1719 1683 1762 obseruationum
1720 1718 1885 1760 aberra-

414 1795 494 1831 ret.
562 1786 625 1829 At
676 1786 726 1826 de
776 1783 1134 1826 obseruationibus
1186 1780 1278 1824 Cel.
1313 1783 1469 1836 Meffier
1508 1783 1617 1825 circa
1653 1779 1886 1827 Cometam

414 1850 533 1893 Anni
575 1860 694 1901 1770
721 1848 869 1897 saetis,
905 1849 1086 1898 constat,
1135 1847 1250 1901 quod
1289 1857 1372 1888 tam
1410 1849 1546 1901 prima
1579 1859 1707 1901 quam
1743 1849 1887 1888 secun-

417 1916 470 1955 da
509 1915 629 1958 huius
669 1910 875 1955 cometae
918 1913 1204 1967 apparitione,
1255 1908 1448 1953 Celebris.
1478 1912 1547 1952 hic
1583 1911 1883 1962 Astronomus,

417 1979 611 2032 singula-ri
648 1977 851 2026 sollertia,
888 1977 1141 2031 multiplices
1177 1976 1288 2017 circa
1318 1975 1429 2018 hunc
1475 1973 1700 2018 cometam
1751 1977 1885 2029 fingu-

417 2042 467 2083 lis
502 2042 646 2082 diebus
684 2041 911 2083 instituerit
964 2041 1299 2089 obseruationes,
1348 2053 1451 2094 quae
1486 2041 1655 2096 egregio
1690 2041 1883 2083 consensu

415 2108 526 2148 interr
577 2105 616 2148 se
661 2104 901 2156 colludunt3
953 2106 1006 2151 fic
1045 2118 1120 2158 pro
1155 2105 1220 2145 die
1262 2117 1318 2147 10
1352 2105 1550 2158 Augusti,
1601 2117 1687 2158 quo
1723 2106 1882 2157 septem

419 2171 626 2212 institutae
663 2169 867 2210 habentur
898 2169 1232 2218 obseruationes,
1254 2171 1465 2211 maximus
1497 2183 1637 2210 earum
1673 2169 1880 2218 diffensus,

418 2236 553 2289 quoad
589 2231 948 2286 Longitu-dinem,
1003 2246 1134 2274 vnum
1187 2233 1405 2275 Minutum
1458 2235 1644 2288 primum
1681 2245 1765 2274 non
1801 2245 1882 2273 ›ex-

418 2302 539 2346 cedit,
611 2300 824 2341 Praeterea
860 2310 960 2339 vero
997 2311 1052 2340 ex
1084 2311 1177 2351 mea
1209 2296 1503 2341 Differtati-one
1536 2299 1588 2340 de
1632 2298 1767 2341 orbita
1793 2294 1882 2341 ‚hu-

1821 2372 1884 2402 ius
