2041 2738
555 212 670 264 ·>2223
733 207 929 274 )1235(
994 212 1119 269 &leafe

102 340 222 389 quem
257 339 399 381 parem
436 325 566 368 iniis
600 336 641 369 et
674 326 721 373 in„
752 323 1107 377 fibrisvobserues,
1145 323 1326 379 -Neque
1360 332 1573 378 ,pavoninam

101 395 153 448 ad
204 392 733 444 contin,uationem,<qua
788 389 963 432 fibrillas
1014 391 1117 445 ipsas
1174 390 1341 436 easdem
1388 388 1572 435 alieuiusi

100 459 227 500 fibrae
264 456 314 497 ab
349 456 427 498 hac
459 455 558 498 fibra
593 456 796 507 secedere,
838 456 883 498 in
916 454 1088 498 alteramv
1123 454 1313 504 tranfire,
1359 454 1408 501 ad
1446 466 1570 499 eam-,a

101 537 178 577 que
211 533 318 563 nunc
356 534 484 575 porro
519 521 742 576 pertinere,
777 528 817 558 et
851 518 930 560 hac
967 521 1025 560 sui
1059 529 1192 574 parte,
1226 532 1308 573 qua
1342 530 1397 561 ex
1431 516 1559 558 altera

101 589 144 629 in
182 586 354 633 alteram
393 587 602 631 transeunt
623 616 636 637 ‚
690 584 902 625 nec‘tentes
934 582 1107 631 fibi-illas
1142 582 1308 629 efficere
1341 579 1560 629 manifesto

105 653 148 693 in
201 649 393 705 plurimis
446 649 603 691 sedibus
654 649 784 690 vides.
849 643 990 704 Nego,
1032 649 1264 703 quidquam
1299 647 1364 693 his
1397 644 1560 687 fibi-illis

104 728 200 764 cum
238 714 317 754 tela
353 712 543 755 cellulosa
573 714 805 753 'commune
838 711 930 751 effe.
961 765 963 767 -
998 709 1233 757 inordinata
1264 710 1365 751 haec
1390 711 1466 766 est,
1490 708 1567 757 fila

106 791 202 821 cum
240 777 417 818 lamellis
455 777 658 824 miscens,
697 784 743 817 et
775 772 907 830 planis
945 774 1085 828 potius
1121 774 1286 822 laminis
1320 785 1446 826 quam
1479 770 1561 819 filis

106 842 308 884 constans,
376 839 423 882 Si
470 838 538 880 fila
585 839 771 891 fuerint,
821 837 865 877 in
915 850 1063 888 omnes
1108 837 1244 892 plagas
1289 836 1373 879 sme
1413 834 1565 894 ordine

105 906 249 956 dueta,
284 904 474 957 longiora
508 901 797 950 breuioribus,
832 901 1092 944 crassioribus
1128 904 1345 952 tenuiora,
1378 902 1568 943 interce*

104 973 220 1014 dunt.
288 966 479 1008 Fibrillae
512 977 670 1017 contra,
705 963 945 1008 simillimae
979 967 1091 1009 inter
1125 957 1166 1008 se
1201 975 1244 1007 et
1279 964 1483 1018 aequales,
1516 963 1572 1010 in,

104 1034 247 1076 eadem
294 1032 385 1074 sede
432 1043 515 1073 non
560 1030 721 1080 modo,
774 1030 841 1071 sed
873 1030 916 1070 in
951 1029 1138 1072 vniuersa
1171 1030 1311 1078 cordis
1346 1026 1564 1084 superficie

105 1108 306 1145 externa,
329 1107 473 1137 omnes
510 1098 554 1137 in
590 1106 717 1135 vnam
756 1093 1036 1146 eandemque,
1069 1093 1305 1137 ordinatam
1342 1094 1391 1135 ad
1425 1092 1572 1147 fibras,

107 1171 210 1214 quas
258 1157 775 1206 nestunt‚.direffionem
823 1157 1153 1211 progrediuntur.
1222 1155 1422 1209 Denique
1457 1156 1565 1197 haec

107 1222 356 1271 cellulosae‚
408 1221 617 1264 musculos
652 1213 937 1271 inuolueutis,
984 1228 1126 1265 natura
1159 1228 1202 1262 et
1233 1219 1446 1274 dispositio
1479 1220 1567 1268 est,

107 1297 156 1328 Vt
189 1288 361 1340 vaginas
397 1284 547 1326 efficiat
581 1297 658 1338 pro
693 1285 885 1326 vniuerso
920 1284 1112 1325 musculo
1144 1296 1230 1325 non
1265 1283 1423 1333 modo,
1468 1283 1572 1323 vni-r

106 1350 313 1398 uersales,
364 1347 425 1389 sed
458 1361 536 1402 pro
570 1348 738 1401 lingulis
775 1347 1002 1389 maioribus
1037 1346 1353 1400 minoribusque
1387 1345 1565 1387 fascicu-

107 1413 175 1462 lis,
212 1421 254 1453 et
287 1410 460 1463 denique
492 1424 570 1465 pro
605 1410 720 1451 fibris
753 1423 920 1465 quoque
956 1412 1182 1461 tenuiores,
1221 1410 1378 1464 quibus,
1415 1419 1462 1451 vt
1484 1409 1570 1451 fas·

105 1475 252 1524 ciculi,
296 1474 348 1516 fic
383 1474 563 1529 singulae
598 1473 743 1522 fibrae,
793 1485 836 1515 et
871 1474 1167 1524 inuestiuntur‚
1202 1485 1245 1517 et
1281 1490 1304 1516 a
1338 1475 1377 1517 se
1412 1483 1572 1516 mutuo,

105 1540 418 1590 distinguuntur.
485 1537 605 1577 Nihil
639 1537 762 1578 huius
795 1538 928 1578 simile
963 1538 1006 1577 in
1041 1538 1155 1581 fibris
1191 1540 1328 1583 cordis
1361 1540 1430 1586 est,
1484 1539 1563 1581 So-

107 1601 193 1642 lam
228 1610 445 1641 externam
483 1598 741 1651 superficiem
775 1602 912 1641 cordis
948 1603 1188 1652 tenerrima,
1224 1604 1297 1643 nifi
1333 1604 1373 1643 in
1411 1601 1564 1655 quibus

110 1663 268 1704 sedibus
305 1663 465 1715 adipem
502 1665 715 1712 continet,
759 1662 948 1705 cellulosa
989 1675 1186 1718 occupat,
1221 1675 1390 1707 tenuem
1424 1667 1462 1707 ei
1493 1664 1562 1707 ad-

112 1725 315 1767 nectendo
358 1723 643 1766 membranam
690 1736 923 1767 externam.
1003 1726 1120 1769 Tum
1166 1729 1235 1772 vbi
1270 1731 1484 1774 interstitia
1517 1730 1564 1770 in

112 1787 327 1842 superficie
359 1790 471 1831 inter
506 1802 675 1842 magnos
708 1790 925 1833 fasciculos
959 1789 1001 1831 in
1037 1792 1195 1835 sinistro
1230 1794 1421 1850 inprimis
1458 1806 1562 1834 ven·

112 1852 271 1894 triculo
304 1852 439 1893 versus
480 1852 588 1893 basin
625 1854 910 1907 inueniuntur,
942 1866 990 1896 ea
1021 1869 1116 1898 cum
1153 1857 1272 1912 adipe
1306 1858 1453 1912 replet.
1492 1856 1564 1902 In-

114 1923 175 1960 ter
208 1914 330 1957 fibras
357 1916 493 1970 ”ipsa5,
528 1917 689 1960 interve
722 1917 955 1971 fasciculos,
991 1929 1037 1960 vt
1070 1913 1259 1965 inuoluat
1292 1935 1386 1972 eos,
1419 1922 1561 1963 distin-

113 1988 295 2033 guatque
330 1993 354 2020 a
386 1980 424 2020 se
459 1992 636 2030 mutuo,
685 1982 754 2022 vel
787 1983 897 2024 inter
939 1980 1081 2025 fascias
1115 1985 1321 2036 demum,
1355 1999 1561 2041 nusquam

113 2053 317 2097 penetrat.
381 2042 522 2097 Atque
555 2044 655 2087 haec
690 2045 775 2100 ipsa
809 2046 978 2099 quidem
1012 2050 1183 2103 propria
1218 2053 1378 2100 cordis,
1429 2063 1471 2093 et
1507 2052 1560 2092 ab

115 2106 312 2147 omnibus
357 2107 551 2151 musculis
588 2110 773 2160 diuersa,
825 2121 971 2153 natura
1006 2112 1094 2161 est,
1142 2123 1189 2154 vt
1221 2113 1346 2156 fibrae
1382 2115 1484 2160 inter
1521 2114 1562 2156 se

115 2169 226 2222 ipsae
270 2169 547 2222 cohaereant,
597 2173 711 2217 nulla
753 2172 946 2216 cellulosa
987 2176 1207 2221 distinstae.
1274 2177 1395 2221 Plura
1429 2181 1561 2220 etiam

118 2232 193 2276 alia
226 2245 470 2290 argumenta
502 2238 609 2291 sunt,
641 2237 788 2294 quibus
825 2249 988 2283 certum
1024 2241 1095 2293 est,
1131 2254 1231 2285 vere
1262 2255 1442 2295 carneas,
1473 2250 1562 2285 non

812 2300 894 2359 Gg
929 2316 953 2344 2
1056 2319 1058 2321 ’
1485 2306 1567 2349 cel-
