2041 2738
595 203 711 254 »ἑῆς
775 196 972 257 )253(
1036 198 1154 254 ἓῑεὲτυ

129 313 271 357 transit
306 313 410 368 [a].
482 309 548 368 2.)
586 311 723 356 Fascia
758 314 850 355 satis
885 313 1114 366 spectabilis
1141 314 1185 355 in
1210 315 1330 371 apice
1350 319 1592 371 ventriculi,

126 378 397 432 singularibus
444 376 642 418 fibrarum
679 378 976 420 diredtionibus
1021 379 1192 432 insignis
1228 380 1335 438 [bJ.
1402 378 1485 428 Sed
1520 386 1592 427 illa

126 442 328 488 eqxvfibris
364 442 547 491 constat,
587 454 671 482 non
705 442 914 497 propriis,
951 441 1019 482 sed
1056 444 1222 493 iisdem,
1260 459 1366 498 quae
1401 449 1452 489 ad
1487 449 1593 490 alios

129 508 209 549 iam
253 507 418 549 ordines
461 506 688 548 recenfitae
723 509 844 558 sunt,
897 518 1004 561 quae
1039 509 1358 552 continuatione
1395 512 1454 554 sui
1491 525 1592 565 cone

104 572 291 619 ,iunctae
323 572 430 613 hunc
455 581 629 626 pontem
661 570 860 612 efficiunt.
927 568 1083 613 Notati
1116 583 1257 614 tamen
1292 575 1397 617 haec
1430 579 1593 632 ventri-7

129 637 320 678 culorum
357 635 591 677 communis
626 635 792 675 fasciola
828 645 1023 676 meretur.
1100 637 1308 680 Posterior
1346 642 1476 694 apicis
1510 641 1594 683 fas-

129 703 214 750 cia,
250 701 347 753 quin
383 700 477 740 satis
513 698 697 739 constans
733 697 805 747 fit,
847 697 1007 748 dubito,
1039 709 1082 740 et
1118 701 1208 741 satis
1246 701 1408 756 semper
1442 720 1465 745 a
1501 718 1595 749 cae-

129 756 229 806 teris
265 762 443 804 fasciolis
479 761 736 803 ventralibus
771 762 974 802 distincta.
1053 762 1168 816 Ergo
1202 765 1375 808 arbitrio
1408 770 1591 811 cuiusuis

127 829 293 883 potius,
330 838 467 868 vtrum
505 837 704 879 tanquam
742 825 987 879 fingularem
1025 827 1190 869 fasciam
1229 830 1506 885 apiciseam,
1539 847 1594 878 an

127 893 189 933 vti
223 900 388 946 partem
423 891 569 932 fasciae
603 889 801 933 ventralis
833 889 1092 933 considerare
1127 894 1257 946 malit,
1289 893 1499 951 relinquo.

203 1019 439 1077 Descriptio.
504 1019 657 1063 Fibrae
691 1018 974 1075 circumflexae
994 1008 1195 1075 sinistrae.
1260 1021 1360 1064 Tab.
1398 1022 1430 1068 Ι.
1465 1037 1511 1066 x.

312 1100 502 1141 Primum
555 1113 656 1154 ergo
705 1101 899 1141 ordinem
943 1102 1070 1143 fibrae
1109 1102 1266 1144 faciunt
1295 1106 1595 1150 circumflexae

123 1166 305 1208 sinistrae
347 1165 445 1220 [c].
516 1166 601 1207 Hae
636 1178 658 1206 a
693 1164 821 1206 latere
855 1166 1067 1220 imprimis
1103 1166 1264 1209 sinistro
1292 1168 1393 1209 basis
1416 1173 1594 1213 arteriae

125 1230 393 1285 pulmonalrs,
431 1241 519 1270 tum
557 1231 685 1270 etiam
722 1243 744 1269 a
778 1228 890 1271 fibris
925 1242 1056 1284 porro
1087 1231 1245 1271 ordinis
1283 1232 1590 1289 secundi‚quae

125 1294 177 1335 ab
223 1294 423 1334 anteriori
468 1303 585 1346 parte
637 1293 735 1333 basis
771 1295 944 1335 arteriae
978 1293 1231 1348 pulmonalis
1262 1295 1431 1347 oblique
1465 1299 1588 1350 super

124 1370 292 1398 crenam
325 1355 558 1403 transeunt,
594 1357 800 1398 oriuntur.
866 1355 1136 1398 Descendunt
1169 1357 1266 1399 inde
1299 1358 1469 1413 oblique
1490 1361 1590 1402 fini-

118 1421 316 1463 strorsum
354 1429 428 1470 et,
467 1418 602 1459 flexae
635 1421 839 1461 arcuatim
877 1420 1014 1461 versus
1050 1420 1161 1463 bafin
1196 1423 1351 1475 partim
1373 1452 1384 1472 ,
1429 1427 1588 1478 partim

120 1486 263 1526 versus
316 1484 517 1525 interiora
569 1483 739 1532 cordis,
798 1485 842 1525 in
877 1484 1113 1538 supremam
1149 1497 1312 1540 partem
1346 1499 1490 1530 crenae
1525 1491 1586 1531 in-

120 1549 328 1588 seruntur,
370 1545 516 1599 ‘Quae
551 1546 726 1597 primae,
760 1547 803 1586 in
838 1547 927 1600 ipso
961 1550 1136 1589 arteriae
1170 1550 1299 1590 latere
1335 1551 1490 1595 finistro
1514 1567 1586 1596 01·-

123 1622 200 1662 tae‚
234 1611 277 1650 in
316 1611 440 1662 ipsam
477 1609 719 1649 inseruntur
754 1622 902 1651 crenae
938 1613 1257 1653 extremitatem
1281 1608 1384 1666 [d]‚
1420 1615 1584 1659 breuis-

122 1675 249 1717 simae
285 1676 393 1724 sunt,
429 1682 473 1714 et
506 1674 583 1714 vix
616 1672 715 1714 duas
749 1673 1009 1728 longitudine
1044 1676 1173 1716 lineas
1209 1675 1418 1730 superant.
1461 1679 1583 1736 Quae

122 1739 219 1782 inde
256 1738 388 1791 magis
422 1736 602 1778 anterius
636 1749 691 1778 ex
730 1738 810 1779 bafi
846 1740 1023 1792 arteriae
1056 1740 1252 1782 oriuntur
1296 1739 1394 1794 [e]‚
1446 1746 1586 1799 paula-

123 1803 201 1845 tim
236 1800 495 1856 longitudine
531 1811 766 1858 augentur,
799 1812 850 1843 vt
883 1804 1079 1857 pollicem
1111 1803 1367 1860 longiffimas
1403 1819 1585 1864 aequare

824 1866 939 1920 113
1541 1875 1589 1919 in

163 2037 242 2085 [a]
292 2035 376 2071 Tab.
402 2042 426 2074 1.
452 2051 479 2074 z.
510 2050 536 2082 3.
565 2050 597 2083 9.
629 2050 679 2072 ιο.
706 2045 759 2083 87.

165 2094 243 2142 [bl
293 2093 378 2128 Tab-
404 2095 435 2131 Ι·
461 2107 506 2141 52·
534 2108 577 2143 53·
603 2106 648 2142 54·
676 2107 718 2142 55·
743 2099 796 2143 56.
819 2109 864 2145 57·
891 2105 941 2146 58·

166 2157 241 2204 [c]
291 2155 376 2191 Tab.
401 2158 426 2190 1.
452 2169 484 2191 x.

165 2215 245 2263 [d]
293 2213 380 2250 Tab.
407 2214 436 2253 Ι.
465 2216 503 2251 C.

165 2273 236 2321 [a]
285 2272 421 2319 121223-
448 2284 479 2317 ῳ
