2041 2738
884 212 1001 263 ··>‹.‘<·>23
1065 207 1081 266 )
1119 208 1262 266 2⁵4(
1324 212 1441 263 ἔξω

432 331 476 371 in
525 325 605 367 alio
651 323 779 368 corde
814 321 1007 364 viderim.
1075 322 1198 379 Quae
1234 330 1324 363 tum
1363 332 1585 377 porroiex
1619 322 1741 367 latere
1773 325 1895 381 supe-

432 390 534 433 riori
568 388 759 431 fasciolae
793 387 982 441 obliquae
1018 386 1274 442 pulmonalis
1308 387 1532 440 oriuntur,
1577 387 1713 428 denuo
1747 389 1892 433 senfim

431 455 691 497 decrescunt.
756 452 978 494 Nimirum
1015 465 1144 506 parua
1181 451 1237 492 est
1270 451 1312 491 in
1348 451 1429 492 hoc
1464 449 1616 500 corde,
1662 449 1776 492 cuius
1810 453 1894 494 ico-

432 526 528 561 nem
576 518 780 567 exhibui,
832 515 1053 557 sinisterior
1097 514 1231 564 haec,
1283 527 1412 569 quam
1447 514 1573 558 fibrae
1605 515 1894 557 circumflexae

429 583 611 625 sinistrae
664 580 884 632 efficiunt,
943 580 1037 621 coni
1084 579 1269 621 arteriosi
1310 580 1467 634 portio.
1534 577 1724 620 Eandem
1759 578 1897 619 multo

429 648 670 701 longiorem
698 638 1035 699 ctaffioremque,
1068 653 1111 684 et
1144 642 1264 687 fibras
1301 643 1404 697 ipsas
1437 643 1608 686 latiores
1644 653 1685 684 et
1720 652 1899 684 numero

430 712 648 762 auctasm
683 710 773 751 aliis
808 709 944 764 reperi
982 707 1199 757 cordibus,
1232 719 1275 750 et
1301 706 1570 765 ,pulmonales
1608 706 1729 748 fibras
1768 707 1898 760 magis

431 777 591 831 apicem
630 776 771 817 versus
805 772 1109 826 descendentes,
1141 784 1227 826 quo
1262 772 1353 827 plus
1388 771 1474 814 loci
1505 773 1761 814 concedatur
1781 770 1897 813 fibris
1935 776 1940 780 '
1984 757 1987 759 ’

432 838 718 883 circumflexis
764 849 809 880 et
851 837 1060 879 altitudini
1106 837 1149 877 in
1184 824 1425 952 hoc‘ssatere
1461 837 1621 878 sinistro
1659 837 1755 878 coni
1788 844 1899 876 arte·

431 905 542 947 riofi'.
609 903 680 946 Sic
730 912 773 944 et
822 901 1045 958 speciosior
1095 913 1225 945 conus
1309 911 1480 943 rmatur
1524 911 1568 941 et
1600 900 1739 955 plures
1772 899 1898 940 fibrae

430 970 584 1011 dantur
629 967 956 1018 circumflexae,
1011 979 1117 1019 quae
1161 977 1217 1006 ex
1248 966 1375 1007 latere
1409 965 1604 1006 fasciolae
1639 963 1896 1019 pulmonalis

429 1033 636 1075 oriuntur.
703 1031 782 1071 His
825 1030 938 1072 fibris
981 1029 1267 1072 circumflexis
1315 1028 1480 1070 finistris
1515 1041 1643 1070 conus
1675 1027 1896 1070 arteriosus

429 1099 474 1138 in
511 1098 636 1140 latere
671 1095 831 1135 finistro
863 1095 981 1136 cordi
1013 1092 1235 1145 alligatur,
1278 1101 1355 1140 vt,
1399 1092 1502 1133 dum
1539 1092 1623 1146 ipse
1658 1104 1783 1133 conus
1816 1103 1898 1132 vna

429 1173 529 1203 cum
567 1161 719 1201 arteria
751 1158 984 1211 pulmonali
1016 1157 1248 1198 antrorsum
1283 1156 1541 1206 reflectitur,
1585 1155 1796 1209 orificium
1833 1167 1902 1195 ar-

435 1223 637 1266 teriosum
671 1222 849 1276 oblique
882 1224 1022 1263 versus
1054 1222 1222 1275 apicem
1260 1221 1484 1262 ventriculi
1519 1219 1668 1263 sinistri
1694 1219 1899 1274 respiciat,

435 1299 479 1331 et
511 1288 691 1330 inflexio
724 1299 825 1339 erg-o
855 1287 1048 1328 maxima
1081 1285 1124 1326 in
1159 1285 1292 1327 latere
1325 1285 1494 1334 dextro,
1522 1285 1666 1326 minor
1684 1285 1779 1325 inde
1797 1296 1900 1326 con-

434 1353 558 1393 tinuo
592 1351 833 1401 finistcrius,
864 1350 1046 1391 minima
1075 1357 1120 1387 et
1153 1348 1231 1388 vix
1266 1347 1348 1388 vlla
1380 1350 1550 1390 demum
1588 1351 1630 1390 in
1665 1348 1792 1388 latere
1827 1347 1899 1388 fiat

437 1416 599 1458 finistro
631 1414 733 1468 ipso.
801 1414 904 1456 Satis
937 1412 1142 1468 profunda
1172 1420 1316 1452 tamen
1348 1411 1494 1452 fossula
1528 1411 1610 1462 est,
1645 1423 1749 1463 quae
1785 1412 1900 1453 inter

434 1481 543 1522 latus
579 1479 675 1521 coni
708 1477 914 1518 finistrum
948 1487 996 1518 et
1035 1475 1235 1515 arteriam
1276 1475 1544 1516 coronariam
1581 1475 1898 1524 descendentem

434 1543 604 1585 crassitie
638 1542 735 1582 coni
760 1550 812 1582 vet
846 1540 960 1580 fibris
993 1539 1058 1579 his
1093 1537 1398 1586 circumflexis,
1429 1550 1530 1589 quae
1563 1537 1612 1576 ad
1640 1550 1738 1578 eum
1771 1540 1903 1591 perti·

435 1616 551 1656 nent,
584 1616 764 1658 eumque
797 1602 1012 1651 efficiunt,
1047 1601 1305 1654 producitur,
1342 1613 1384 1642 et
1417 1600 1636 1653 infigniter
1672 1601 1749 1642 hac
1785 1612 1900 1655 parte

435 1673 506 1714 sua
540 1673 751 1725 suprema,
793 1681 903 1710 cono
940 1666 1456 1715 arterioso‚,ventr1·culus
1490 1665 1640 1708 dexter
1674 1676 1771 1721 prae
1805 1665 1903 1708 fini*

434 1738 516 1780 stro
553 1736 593 1777 in
636 1734 850 1788 superiori>
878 1730 1092 1787 superficie
1132 1730 1316 1771 eminet.
1381 1729 1714 1772 Distinc‘tiffirnae
1763 1741 1902 1772 caete·

434 1813 529 1844 rum
565 1799 692 1840 fibrae
728 1799 817 1839 sunt
851 1796 1147 1841 circumflexae
1185 1794 1364 1836 sinistrae
1397 1797 1439 1837 in
1476 1793 1694 1846 superficie
1713 1804 1899 1844 externa,

437 1867 627 1917 lataeque
676 1873 716 1903 et
765 1864 915 1903 crassae
948 1869 1161 1916 apparent.
1243 1857 1492 1900 Profundius
1522 1860 1636 1901 inter
1671 1859 1709 1902 se
1745 1858 1901 1901 cohae-
1968 1866 1971 1869 '

434 1939 531 1976 rent
561 1928 723 1970 fibrillis
757 1926 1000 1968 breuiffimis
1036 1935 1079 1967 et
1112 1923 1246 1966 arctis.

519 2054 672 2099 Fibrae
703 2054 942 2111 pulmonales
975 2053 1212 2095 anteriores.
1278 2045 1373 2097 Tab.
1406 2049 1435 2093 Ῑ.
1461 2065 1508 2105 y.
1543 2060 1585 2094 z.
1626 2065 1664 2092 1.
1704 2063 1743 2091 2.
1782 2061 1824 2100 3.

631 2119 777 2163 Fibrae
821 2118 1086 2173 pulmonales
1132 2118 1362 2159 anteriores
1409 2118 1451 2156 in
1496 2117 1629 2159 media
1671 2117 1754 2157 fere
1796 2113 1900 2155 facie

444 2184 641 2225 anteriori
680 2185 857 2226 arteriae
895 2182 1141 2238 pulmonalis
1176 2181 1224 2222 ab
1260 2183 1343 2223 eius
1360 2180 1439 2223 basi
1459 2184 1662 2229 oriuntur,
1698 2179 1899 2232 insignem

445 2259 487 2291 et
520 2247 611 2304 plus
645 2263 771 2306 quam
808 2248 1025 2291 dimidiam
1061 2246 1289 2289 latitudinis
1326 2248 1498 2290 arteriae
1517 2239 1716 2301 collapsae
1730 2250 1898 2299 partem

1774 2316 1902 2347 occu-
