2041 2738
902 197 1027 248 νεός
1088 193 1106 250 ,)
1140 207 1232 236 '222
1268 192 1285 251 (
1343 195 1459 247 &93⁴-

455 308 596 366 &sque
621 308 738 360 fore,
790 318 838 352 vt
871 309 908 352 se
942 307 1148 352 diffundat
1181 315 1341 353 natura
1358 306 1536 361 opinor,
1584 315 1632 349 vt
1663 318 1748 353 non
1788 311 1911 365 facile

457 375 676 432 primarias
725 373 862 416 saltim
912 373 1261 434 infignioresque‚
1310 381 1351 411 et
1386 382 1488 424 quas
1522 367 1718 423 peculiari
1761 369 1833 417 suo
1867 377 1913 418 in

459 440 599 481 cordis
635 438 796 481 afflone
824 437 896 479 vsu
926 437 1034 478 haud
1067 445 1211 475 car-ere
1245 434 1463 481 canstabst,
1499 432 1663 481 fasciaS,
1699 444 1769 477 aut
1798 438 1914 481 fasci.

457 504 601 561 culos,
634 503 677 545 in
711 500 872 555 quouis
889 500 1021 543 etiam
1057 499 1139 540 alio
1174 497 1302 538 corde
1338 496 1516 551 reperias
1551 506 1591 538 et
1632 501 1911 554 recognoscas.

455 553 655 610 Maxime
689 566 731 607 id
763 563 957 621 quidem
1009 561 1061 617 fi,
1116 559 1227 620 quod
1263 561 1470 619 frequens
1492 558 1573 612 est',
1624 559 1708 603 eius
1744 558 1820 605 fint
1851 566 1913 605 in-

457 629 570 671 dolis
603 630 724 680 illae,
778 639 825 671 vt
860 630 914 672 ob
943 630 1116 677 aliarum
1169 628 1427 676 nobiliorum
1479 629 1660 683 partium
1709 627 1916 669 conditio-

456 705 555 734 nem
594 703 635 735 et
666 690 852 737 naturam
891 690 1045 734 'abeffe''
1065 692 1141 733 vix
1177 692 1350 745 poffint;
1403 694 1510 745 quod
1563 704 1757 745 magnum
1810 701 1917 732 certe

456 766 724 799 momentum
761 758 803 797 in
841 756 1090 798 aestimanda
1122 757 1306 809 partium
1350 756 1578 797 constantia
1611 756 1689 795 effe
1724 754 1913 796 arbitror.

458 818 529 864 Sic
565 832 780 874 nunquam
819 818 1108 860 transuersales
1158 818 1282 860 fibras
1318 819 1640 872 constringentes
1678 820 1773 860 coni
1807 828 1917 859 arte-

454 881 582 938 riost,
617 895 830 938 nunquam
864 876 1109 925 infundibuli
1145 881 1416 931 transuersas,
1459 894 1534 923 nec
1567 881 1756 934 obliquas
1789 886 1917 934 angu0'

452 946 558 988 lares
579 976 589 995 ‚
628 957 699 987 aut
733 946 942 986 bafilarem
979 945 1214 996 fasciculum
1251 946 1386 1000 partis
1412 942 1611 994 bafilaris,
1646 955 1716 986 aut
1751 943 1909 993 fibulas,

457 1010 608 1061 quibus
645 1009 716 1049 ille
752 1009 897 1062 parieti
932 1009 1068 1048 cordis
1102 998 1385 1056 adneffitur5
1391 1008 1616 1048 defuturas
1652 1009 1728 1048 else
1763 1009 1914 1055 credo,

456 1072 648 1123 quae,s1
681 1072 885 1119 deessent,
919 1081 990 1110 aut
1024 1070 1112 1110 aliis
1138 1071 1279 1110 locum
1308 1070 1516 1117 cederent,
1553 1081 1697 1110 natura
1731 1070 1917 1120 diuersis,

456 1133 624 1175 inutiles
656 1133 743 1175 illas
780 1143 821 1174 et
855 1145 982 1173 vanas
1017 1132 1232 1173 redderent
1282 1142 1446 1184 partes,
1495 1144 1599 1184 quae
1647 1132 1755 1184 ipsae
1789 1143 1919 1184 porro

456 1197 501 1239 in
536 1196 723 1238 vniuersa
759 1197 896 1237 cordis
950 1196 1113 1237 afflone
1169 1196 1380 1237 eximium
1417 1204 1458 1234 et
1494 1195 1759 1237 necessarium
1796 1194 1917 1235 vsum

458 1262 685 1314 praestant,
737 1272 870 1312 neque
915 1259 1045 1298 careri
1096 1265 1200 1309 ergb
1250 1259 1335 1298 iliis
1373 1258 1484 1310 poffe
1521 1258 1695 1299 videtur.
1768 1258 1919 1298 Minu-

457 1324 585 1363 tiores
619 1332 779 1374 partes,
814 1321 992 1362 fasciolas
1015 1320 1317 1376 hfasciculowsue,
1364 1333 1495 1373 quae,
1531 1320 1558 1359 fi
1595 1321 1749 1368 defint,
1786 1330 1920 1361 caete-

458 1398 506 1426 ra
540 1393 707 1433 tamen,
740 1396 825 1436 quo
862 1385 994 1424 minus
1029 1384 1140 1423 reste
1175 1383 1215 1421 se
1251 1382 1460 1427 habeant,
1513 1383 1572 1422 nil
1606 1383 1760 1430 obstet,
1795 1384 1918 1424 innu-

461 1448 613 1495 meris,
647 1457 693 1487 vt
728 1446 817 1487 fieri
852 1445 981 1494 solet,
1017 1447 1150 1486 modis
1186 1446 1340 1486 variare
1375 1446 1513 1498 posse,
1559 1457 1642 1484 non
1679 1445 1748 1485 ibo
1784 1447 1919 1488 infici-

460 1523 515 1551 as.
581 1509 725 1560 Atque
762 1519 852 1549 tum
890 1510 1058 1560 quidem
1095 1518 1234 1547 tamen
1285 1507 1530 1558 exemplum
1579 1508 1747 1558 aliquod
1789 1514 1914 1551 etiam

465 1571 676 1612 variabilis
711 1571 835 1611 huius
869 1570 1088 1610 strueturae
1122 1569 1273 1608 habere
1309 1568 1486 1608 elestum
1523 1580 1676 1621 operae
1711 1573 1920 1622 praetium

459 1635 562 1683 erit,
619 1646 673 1674 ex
708 1646 816 1687 quo,
871 1632 1103 1673 cuiusmodi
1155 1631 1241 1672 fere
1277 1629 1378 1670 haec
1412 1630 1485 1678 fit,
1537 1641 1607 1671 aut
1644 1644 1723 1683 qua
1758 1635 1918 1676 ratione

460 1698 696 1746 interdum,
749 1695 814 1739 vel
851 1695 990 1747 saepe,
1044 1696 1080 1736 se
1113 1694 1293 1741 habeat,
1327 1694 1366 1733 id
1403 1694 1534 1735 saltim
1569 1694 1758 1748 intelligi
1777 1699 1919 1750 poffit3

464 1763 657 1803 maxime
692 1763 735 1802 in
772 1757 1016 1800 difficillima
1050 1756 1244 1799 fibrarum
1283 1758 1419 1799 cordis
1455 1757 1630 1810 fabrica,
1682 1760 1796 1801 cuius
1842 1763 1917 1804 vix

462 1818 657 1867 Vmbram
690 1820 884 1865 haetenus
918 1820 1132 1876 cognitim
1164 1821 1373 1866 habemus,

461 1952 674 2009 Fibrarum
717 1971 974 2005 externarum
1015 1963 1153 2006 dextri
1192 1974 1233 2006 et
1267 1962 1422 2021 finistri
1452 1966 1665 2009 ventriculi
1702 1967 1920 2025 dtfferentia

459 2078 464 2083 ,
517 2032 556 2072 in
586 2033 825 2087 vniuersum.
890 2035 1046 2077 Dextri
1076 2038 1289 2081 ventriculi
1313 2040 1489 2096 fasciae,
1514 2041 1696 2099 fasciculi
1713 2047 1901 2102 sinistri

594 2134 598 2149 2
651 2126 870 2181 Infigniter
905 2132 1043 2174 dextri
1094 2133 1319 2175 ventriculi
1370 2134 1497 2179 fibrae
1532 2140 1723 2182 externae
1757 2143 1806 2183 ab
1840 2154 1914 2181 ex-

460 2188 597 2249 ternis
645 2189 817 2244 smmi,
853 2192 900 2237 ‘fi
934 2196 1161 2238 accuratius
1194 2196 1365 2240 demum
1413 2203 1645 2258 perspectae
1688 2205 1783 2246 illae
1815 2216 1914 2244 cum

1802 2265 1918 2308 hisce
