2041 2738
581 216 696 268 ··›}0·.{
760 213 782 277 )v
816 227 907 271 18⁵·
939 216 965 275 (ζ
1019 218 1142 271 ἓῑεὲψ

343 336 858 393 ΜΕΙ)ΙΤΑΤΙΟΝΕΞΔ
895 339 985 392 DE
1032 339 1360 395 FORMVLA

626 439 783 495 QVA
823 438 1077 484 MOTvs

122 492 739 607 LAMINARVM
801 529 1583 615 ELASTICARVM

808 664 830 699 1
855 662 891 699 N

218 746 308 792 AN
309 747 350 791 N
353 747 430 791 VL
436 745 512 803 OS,
542 741 920 789 CIRCVLARES
956 744 1020 788 IN
1024 743 1461 796 CVRVATARVM
1470 781 1483 807 ,

606 840 644 883 E
655 839 697 883 X
708 839 738 883 P
750 839 788 882 R
799 838 819 882 1
829 839 881 883 M
894 840 916 883 1
924 838 967 883 T
979 840 1022 885 V
1034 841 1087 885 R.

708 1118 978 1164 Auctore

586 1214 636 1257 A.
684 1213 734 1272 J,
784 1215 1106 1261 LEXELL.

784 1575 816 1623 ξ.
855 1587 892 1617 1.

117 1661 280 1776 Cum
331 1680 416 1710 non
467 1670 524 1711 ita
558 1659 729 1722 'pridem
767 1669 811 1710 in
845 1674 1058 1710 conuentu
1107 1667 1366 1714 Academico
1399 1669 1450 1712 de
1485 1667 1573 1714 for·

241 1733 352 1776 mula
387 1732 565 1787 quadam
603 1731 813 1787 proposita
850 1744 930 1787 pro
964 1743 1083 1775 motu
1117 1733 1348 1777 vibratorio
1395 1733 1574 1776 lamina·

120 1812 215 1840 rum
248 1797 504 1839 elasticarum
540 1797 584 1837 in
619 1796 796 1838 annulos
847 1796 1065 1839 circulares
1116 1799 1425 1841 incuruatatum
1475 1810 1574 1852 age·

119 1863 265 1910 batur,
315 1861 502 1913 mihique
536 1859 662 1902 dubia
693 1860 892 1913 quaedam
942 1860 1268 1914 suboriebantur,
1318 1872 1461 1904 vtrum
1495 1860 1572 1903 ista

118 1925 296 1968 formula
329 1927 406 1967 rite
440 1924 512 1966 fibi
547 1925 777 1975 constaret,
813 1924 911 1967 inde
940 1926 1204 1969 occasionem
1240 1934 1430 1981 arreptus
1463 1924 1573 1966 hanc

122 1991 405 2044 quaestionem
442 1990 690 2032 accuratiori
725 1989 912 2032 examini
944 1989 1139 2034 subiicere
1174 1991 1395 2039 constitui,
1441 1988 1570 2042 idque

118 2067 169 2098 eo
203 2053 359 2108 potiori
390 2054 497 2103 iure,
534 2054 646 2107 quod
683 2053 950 2108 postmodum
984 2055 1237 2099 inueniss'em·
1258 2056 1376 2099 istam
1411 2053 1574 2095 formu·

117 2119 198 2160 lam
252 2117 505 2171 propositam
558 2118 719 2159 summa
770 2117 1013 2160 auctoritate
1046 2120 1238 2165 vlnustnis
1291 2117 1431 2164 Euleri-
1476 2115 1573 2159 niti.

121 2179 347 2234 (Videatur
398 2179 495 2221 Par-s
527 2179 561 2222 1.
595 2181 830 2226 Atstorum..
852 2181 1107 2226 Academiae
1152 2194 1236 2238 pro
1264 2179 1401 2222 Anno*
1432 2188 1571 2229 1779·

119 2259 207 2299 pag.
253 2259 271 2290 ι
283 2242 369 2299 58).
436 2243 603 2287 Praeter
636 2247 884 2300 opinionem
918 2254 1059 2301 autem
1094 2246 1270 2299 accidit,
1303 2253 1350 2288 vt
1385 2245 1435 2286 ad
1467 2255 1575 2286 con·

119 2309 217 2353 aaa
235 2308 358 2351 Acad.
380 2308 483 2364 Imp.
500 2307 567 2351 Sc.
587 2309 695 2354 Tom.
710 2311 750 2353 V.
769 2313 815 2353 Ρ.
834 2309 886 2354 ΙΙ.
1106 2309 1149 2353 Α
1172 2324 1195 2352 a
1415 2305 1569 2348 clusio-
