2041 2738
598 237 714 285 ”52³ss
781 232 974 292 lan(
1041 234 1154 286 &323⁴-

335 349 462 402 Aqm
498 350 540 390 in
576 360 657 401 qua
692 347 897 389 detinetur
930 347 1108 399 animal,
1156 351 1206 392 ab
1251 349 1430 394 effiuuiis
1466 353 1617 395 caudae

138 410 193 459 {et
225 413 509 462 excrementis
544 411 711 452 foetore
745 410 971 453 Zibethico
1010 412 1127 453 breui
1155 413 1348 463 inficitur,
1385 417 1614 470 crebroque

148 477 344 517 renouari
395 477 533 517 debet.
616 475 867 528 Plerumque
920 477 1111 528 vesperi,
1164 478 1291 517 etiam
1340 478 1466 521 effusa
1514 482 1613 522 licet

148 540 265 580 omni
302 553 437 593 aqua,
493 540 541 580 ad
577 540 760 592 quietem
801 541 838 580 se
881 541 1102 591 componit
1137 541 1299 581 animal.
1365 543 1480 593 Jacet
1517 556 1614 586 tunc

140 600 365 645 ‘contra'fto
401 617 592 657 corpore,
629 601 912 643 anterioribus
949 605 1200 657 plerumque
1223 606 1263 646 in
1293 606 1396 647 latus
1419 609 1614 661 proieffis

137 672 193 707 'et
239 668 458 708 incuruato
508 669 701 708 deorlum
760 667 922 712 rostro,
976 667 1044 706 sub
1082 681 1247 708 armum
1287 672 1368 711 fere
1401 673 1614 724 reposito',

139 733 279 773 'cauda
311 725 421 771 vero'
452 731 492 770 in
532 728 842 770 semicirculum
882 728 964 768 fere
999 742 1168 770 curuata
1204 744 1245 771 et
1280 735 1320 771 in
1358 735 1484 786 plano
1513 738 1614 777 late-

148 796 358 834 re·strata.
409 793 688 844 lrrequietum
729 802 866 833 tamen
905 794 1030 832 etiam
1069 795 1108 832 in
1148 794 1295 833 somno
1315 798 1384 845 est,
1422 800 1616 839 ecstatio-

147 870 220 898 nes
257 861 374 910 saepe
402 866 556 904 mutam
593 855 813 908 respiratio
847 856 1004 904 crebra,
1041 859 1083 898 in
1122 858 1269 899 somno
1306 862 1536 917 inaequalis
1573 874 1613 904 et

146 921 312 972 quando
348 933 465 960 nares
504 919 670 959 subinde
705 932 836 972 aquae
872 920 1108 961 inseruntur
1144 922 1384 972 llertorosa,
1421 939 1517 966 cum
1553 928 1611 967 13-

144 985 312 1025 brorum
365 984 513 1024 crebro
568 995 699 1024 motu.
786 982 974 1023 Forsitan
1024 985 1065 1025 in
1116 986 1178 1026 his
1226 990 1420 1029 omnibus
1458 991 1612 1044 aliquid

149 1048 397 1100 aegritudini
433 1048 788 1087 incarceratorum
822 1047 1064 1087 animalium
1106 1050 1389 1094 tribuendum.
1459 1055 1611 1105 Neque

147 1112 258 1151 enim
297 1111 365 1150 diu
405 1111 508 1164 apud
549 1123 614 1149 me
651 1111 880 1161 vixerunt,
931 1111 1164 1161 longiffime
1203 1115 1368 1167 triduo;
1421 1119 1491 1157 nisi
1531 1119 1612 1158 hoc

147 1174 260 1214 forte
297 1173 471 1214 debetur
507 1173 678 1214 laesioni
715 1186 833 1226 quae,
877 1174 974 1214 dum
1011 1176 1256 1228 capiuntur,
1292 1179 1410 1220 facile
1447 1183 1610 1223 accidit.

138 1235 364 1278 ¹Vixerunt
412 1248 547 1277 tamen
593 1237 719 1276 etiam
761 1238 981 1278 vulnerato
1018 1251 1194 1291 corpore
1231 1252 1272 1282 et
1307 1241 1446 1285 frastis
1481 1246 1612 1286 cruri-

145 1301 250 1349 bUS‚
301 1304 391 1342 imo
435 1301 580 1341 cranio
626 1313 797 1353 quoque
834 1302 942 1342 laeso
974 1301 1118 1352 allati,
1177 1318 1252 1357 per
1288 1306 1428 1359 plures
1465 1309 1609 1351 horas,

143 1363 272 1406 Vixit
307 1376 436 1406 vnum
473 1364 704 1415 specimen,
741 1364 782 1402 in
820 1365 934 1404 cuius
971 1365 1194 1406 abdomine
1231 1369 1387 1418 inciso,
1423 1372 1613 1414 thermo-

144 1437 286 1467 metro
334 1427 549 1477 immisso,
601 1426 786 1466 calorem
835 1428 1020 1468 natiuum
1058 1426 1185 1481 (980.
1221 1429 1486 1487 Farenheit.)
1534 1450 1608 1479 ex-

145 1490 424 1547 ploraueram‚
463 1503 539 1545 per
571 1489 711 1545 plures
747 1489 879 1532 horas.

333 1624 411 1664 Per
445 1632 578 1663 totam
614 1622 814 1674 hyemem
855 1632 898 1662 et
932 1633 1060 1674 vsque
1096 1622 1144 1663 ad
1181 1622 1306 1665 finem
1331 1624 1491 1680 Aprilis
1517 1645 1606 1675 cre·

144 1686 228 1729 bris
263 1686 567 1728 diffec'tionibus
601 1686 722 1727 huius
759 1686 966 1734 animalis,
988 1685 1145 1727 nullum
1179 1700 1361 1741 vnquam
1385 1691 1608 1738 foecunda.

148 1750 276 1792 tionis
314 1753 355 1792 in
392 1750 584 1792 foeminis
619 1750 836 1802 vestigium
856 1749 1071 1790 obseruare
1095 1752 1226 1802 potui,
1279 1752 1388 1795 Hinc
1410 1769 1492 1800 non
1515 1772 1608 1801 ante

146 1814 313 1856 Maium
351 1817 527 1856 mensem
566 1814 870 1867 procreationis
903 1814 1036 1856 oestro
1075 1815 1238 1857 incitari
1276 1819 1511 1863 vcrofimile
1533 1826 1604 1875 est,

148 1879 333 1933 adeoque
368 1889 508 1932 partus
543 1879 584 1920 in
623 1878 812 1919 aestatem
851 1879 994 1918 cadere
1032 1878 1165 1927 debet,
1201 1892 1286 1932 quo
1322 1892 1510 1938 tempore
1539 1903 1602 1929 ra.

145 1945 230 1984 rius
267 1943 488 1996 capiuntur
522 1945 646 1984 etiam
686 1954 833 1987 marera,
879 1943 979 1982 dum
1019 1941 1182 1995 reliquo
1208 1945 1299 1985 anni
1320 1946 1489 1991 decursu
1513 1963 1605 1993 tan-

144 2015 235 2048 tum
273 2008 491 2058 foeminas,
524 2007 634 2047 inter
666 2005 855 2060 copiosos
893 2018 1041 2054 mares,
1076 2008 1203 2046 rarius
1239 2013 1382 2061 captas
1413 2013 1603 2057 obserua-

145 2083 250 2111 rem.
319 2069 419 2112 Ideo
462 2071 754 2124 necgrauidas
789 2082 990 2122 vnquam,
1027 2083 1157 2122 neque
1194 2074 1353 2124 prolem
1392 2076 1600 2121 iuniorem

145 2136 286 2176 videre
338 2135 545 2188 contigit,
594 2137 778 2187 adeoque
825 2135 874 2173 de
920 2134 1040 2174 huius
1087 2147 1263 2175 numero
1301 2150 1382 2177 non
1420 2144 1600 2196 constat3

142 2211 267 2252 quem
307 2209 446 2241 tamen
479 2199 584 2240 haud
621 2200 819 2251 exiguum
856 2199 933 2237 effe
971 2197 1219 2238 concludere
1259 2200 1358 2240 licet
1392 2216 1412 2242 e
1448 2219 1598 2248 nume-

142 2275 191 2302 ro
239 2263 490 2316 papillarum
539 2264 823 2304 mammalium
859 2262 1076 2303 oc‘tonario
1113 2262 1152 2300 iu
1190 2261 1414 2317 foeminis,
1467 2281 1508 2309 et
1544 2284 1598 2313 ex

141 2326 240 2370 Αὸἲα
257 2327 381 2370 Acad.
402 2328 505 2383 Imp.
522 2326 590 2370 Sc.
609 2326 716 2369 Tom.
732 2327 772 2370 V.
793 2330 837 2368 P.
856 2325 908 2368 ΙΙ.
1135 2324 1160 2367 S
1198 2339 1214 2365 s
1471 2335 1600 2376 abun-
