2041 2738
561 251 678 311 {4433
741 252 758 315 )
794 253 883 308 235
919 249 950 315 (’
996 254 1114 311 5203«.

106 371 222 415 hisce
275 363 596 427 comparantur,
647 368 858 412 differunt.
947 368 1093 410 Fibrae
1143 365 1370 410 ventriculi
1419 365 1562 411 finistri

105 432 320 486 fasciculos
365 432 586 480 collectae,
622 433 687 474 seu
721 432 865 480 funes,
917 431 1120 479 efficiunt,
1155 431 1367 472 craffiores
1400 441 1442 473 et
1477 432 1564 473 fere

107 504 285 552 teretes,
319 500 462 550 primo
494 499 620 539 etiam
654 497 805 538 intuitu
851 495 943 536 satis
992 494 1198 537 distincios
1251 494 1383 535 foueis
1417 495 1565 535 etin·

109 561 292 603 terstitiis
343 559 560 613 oblongis,
611 560 851 613 profundis,
905 558 1024 612 adipe
1057 568 1099 598 et
1133 553 1348 606 cellulosa‚
1371 572 1380 587 τ
1396 557 1466 597 vel
1500 570 1566 598 ra·

107 623 229 666 mulis
261 622 478 671 vasorum,
514 623 693 675 repletis.
758 621 945 668 Deinde,
991 620 1018 661 fi
1054 621 1254 661 minutius
1289 618 1458 661 cultello
1493 629 1565 661 aut

108 700 182 728 acu
216 685 424 727 fasciculos
455 685 676 737 singulos,
730 683 780 723 ab
817 682 935 721 omni
970 684 1092 736 adipe
1123 683 1347 739 liberatos,
1397 683 1569 736 indaga‹

106 750 239 797 veris,
275 748 418 789 ‘aliurn
468 747 517 787 ab
555 747 660 796 alio,
713 754 916 797 quantum
967 743 1059 784 fieri
1100 745 1271 797 potest„
1305 746 1570 787 remouendo

107 824 177 854 aut
207 810 522 864 distinguendo,
553 805 808 849 ramificatos
842 819 890 847 ea
924 810 1085 848 ratione
1124 807 1202 848 hos
1236 808 1450 848 fasciculos
1484 810 1566 848 effe
1619 857 1623 860 ⁸

107 875 362 924 obseruabis‚
407 885 455 916 vt
490 873 718 923 crassiores,
770 886 793 912 a
826 868 899 910 filo
933 870 1144 923 imprimis
1179 871 1453 925 cartilagineo
1491 882 1564 911 an-

109 938 450 981 teriorifinistro
483 940 593 988 orti,
645 941 689 978 in·
722 937 874 991 plures>
913 946 1097 978 minores
1146 936 1413 986 diuidantur,
1458 949 1569 990 quo--

103 1015 198 1044 rum
236 1002 306 1043 alii
340 1015 437 1043 cum
472 1002 562 1043 aliis
595 1002 732 1044 denuo
768 1000 1006 1053 coniuncii,
1058 1001 1132 1042 alii
1168 1013 1297 1054 porro
1331 1000 1474 1050 diuifi,
1516 999 1568 1040 fi-

107 1065 203 1107 bras
235 1067 420 1118 denique
466 1065 671 1119 fimplices
722 1066 978 1120 producant,
1028 1064 1201 1104 crassitie
1236 1063 1321 1106 fere
1354 1063 1567 1116 aequales,

107 1139 286 1178 teretes,
338 1127 575 1182 parallelas,
623 1141 697 1181 per
745 1127 990 1168 inferiorem
1036 1127 1259 1168 ventriculi
1308 1126 1564 1179 superficiem

108 1194 301 1234 maxime
336 1201 378 1232 et
412 1192 521 1232 circa
554 1192 717 1244 apicem
749 1190 958 1242 dispersas.
1023 1188 1124 1230 Alia
1158 1202 1204 1230 ac
1239 1191 1397 1231 diuersa
1418 1189 1568 1231 vdistri-

109 1255 293 1296 butionis
344 1255 451 1295 ratio
498 1254 554 1296 est
604 1253 717 1296 fibris
753 1264 933 1295 externis
969 1253 1195 1293 ventriculi
1244 1254 1402 1295 dextri,
1472 1251 1568 1294 Hae

107 1318 245 1360 fascias
280 1320 447 1372 potius,
481 1317 586 1357 aliae
614 1319 705 1358 aliis
737 1315 981 1362 adinnfiae,
1016 1314 1228 1362 efficiunt,
1263 1316 1392 1364 latas,
1428 1325 1468 1355 at
1503 1325 1565 1356 te-

108 1381 232 1430 num,
283 1380 422 1421 variae
454 1380 757 1435 magnitudinis
791 1389 833 1419 et
865 1377 1039 1430 figurae,
1090 1390 1175 1418 non
1214 1388 1303 1420 tam
1340 1378 1572 1420 interstitiis

107 1444 327 1486 t‘amen‘ct
360 1441 502 1498 adipe,
557 1451 605 1485 vt
637 1442 816 1485 fasciculi
850 1441 913 1483 illi
951 1441 1170 1483 ventriculi
1220 1441 1387 1491 sinistri,
1438 1453 1569 1494 quam

106 1507 193 1549 so'la
226 1507 365 1562 potius
398 1505 627 1549 direaefiione
659 1507 887 1550 fibrarum,
944 1512 1011 1546 ant
1044 1516 1138 1546 ortu
1175 1514 1217 1546 et
1250 1506 1503 1555 insertione,
1541 1516 1567 1546 a

107 1570 149 1611 se
184 1579 332 1610 mutuo
366 1567 584 1610 distinctas.
650 1569 754 1610 Non
804 1567 963 1608 facilius
1000 1570 1091 1609 sane
1141 1567 1220 1608 hae
1271 1567 1416 1610 fasciae
1461 1580 1568 1609 ven-

111 1632 254 1674 triculi
287 1630 449 1676 dextri,
487 1642 611 1680 quam
647 1630 794 1670 sinistri
828 1628 1034 1678 fasciculi,
1076 1632 1179 1680 quin
1216 1629 1425 1672 difficilius
1462 1630 1570 1671 mul-

112 1695 184 1742 to‘,
215 1703 255 1734 et
288 1691 556 1733 obstruantur
590 1702 631 1734 et
663 1692 932 1734 definiuntur.
999 1691 1219 1734 Craffiores
1268 1692 1447 1734 fasciculi
1483 1695 1567 1735 im-

112 1758 261 1812 primis
295 1755 337 1794 in
383 1754 475 1795 sede
525 1756 744 1809 posteriori
779 1755 829 1795 ad
862 1754 970 1796 hafin
1003 1756 1121 1808 adipe
1155 1765 1197 1795 et
1230 1756 1463 1796 interstitiis
1502 1758 1568 1799 di-

112 1822 390 1873 stinguuntur;
421 1819 551 1860 modo
577 1829 625 1860 vt
649 1817 867 1874 compreffi
903 1818 1137 1860 maximam
1174 1829 1331 1871 partem
1359 1819 1440 1861 fibi
1476 1831 1569 1860 mu*

113 1895 189 1925 tuo
222 1882 482 1923 accumbant.
521 1877 639 1937 'Qui
673 1884 700 1923 fi
734 1893 809 1925 acu
846 1893 948 1934 ergo
983 1881 1026 1921 in
1062 1879 1226 1933 fingulis
1262 1881 1483 1923 succeffiue-
1505 1883 1568 1923 se-

116 1947 233 1989 dibus
268 1958 291 1985 a
324 1944 361 1986 se
394 1946 575 1986 inuicem
611 1955 907 1995 remouenturq
954 1954 997 1985 et
1030 1944 1250 1986 interstitia
1284 1945 1403 1986 facile
1439 1952 1567 1999 appa·

115 2010 266 2051 rebunt
297 2017 337 2048 et
373 2008 654 2051 fasciculorum
691 2010 990 2063 cognoscentur
1022 2006 1179 2060 figurae
1215 2018 1257 2049 et
1291 2007 1566 2051 ramificatio-

114 2085 214 2121 nes,
249 2081 295 2111 vt
329 2072 398 2112 vel
431 2074 565 2114 verbis
599 2073 771 2116 describi
807 2082 920 2121 tum,
954 2070 982 2111 fi
1017 2083 1183 2126 operam
1221 2070 1438 2119 adhibeas,
1470 2073 1566 2126 vel,

115 2136 228 2190 quod
261 2135 382 2176 satius
414 2135 494 2187 est,
526 2137 648 2178 icone
681 2137 868 2190 exprimi
902 2143 943 2175 et
976 2133 1143 2176 definiri
1177 2145 1346 2188 queant·
1401 2134 1568 2177 Fasciae

113 2206 290 2247 contra,
324 2210 527 2250 nusquam
560 2202 677 2251 adipe
712 2209 784 2242 aut
816 2197 1049 2240 interstitiis
1085 2200 1292 2241 continuis
1328 2198 1443 2248 satis,
1486 2210 1565 2239 nec

116 2266 248 2320 magis
281 2272 407 2316 quam
440 2260 567 2305 fibrae
601 2263 735 2322 ipsae,
784 2261 1023 2314 distinfiae,
1054 2273 1208 2318 vnam,
1251 2262 1289 2304 si
1320 2261 1364 2302 in
1400 2262 1568 2304 uniuer-

1477 2325 1569 2366 sum
