2041 2738
921 180 1035 230 »ἓξὲξ
1099 174 1295 229 >³02(
1356 176 1472 228 5³23<-

471 304 654 334 crenam.
721 287 869 329 Fibrae
911 286 1020 324 enim
1061 283 1132 323 sub
1168 283 1320 335 angulo
1351 281 1579 322 acutiffimo
1612 298 1634 322 a
1664 285 1741 327 filo
1772 284 1915 329 oriun-v

473 365 570 401 tur,
618 353 737 405 eique
770 350 853 390 fere
892 345 1106 400 parallelae
1137 346 1473 398 progrediuntur.
1540 343 1675 384 Filum
1708 360 1841 400 ergo,
1885 348 1913 388 fi

470 414 637 456 mobilis
671 423 787 454 ortus
825 412 949 458 esset,
996 409 1300 456 extenderent,
1336 408 1447 460 quod
1485 405 1554 445 sua
1585 405 1785 448 firmitate
1816 411 1913 452 huic

470 478 606 521 motui
656 476 747 518 satis
797 473 965 522 refistit3
1012 473 1245 516 antrorsum
1282 469 1401 523 '‘bafin
1436 469 1542 512 finus
1574 470 1802 524 pgoducere
1833 483 1915 512 non

469 542 642 597 poffunt.

1096 631 1311 673 Ventrales.

661 727 883 773 Ventrales
918 737 1013 766 cum
1049 720 1278 778 marginem
1314 721 1453 765 cordis
1488 721 1747 765 anteriorem
1767 723 1815 764 ad
1834 723 1923 776 sep·

479 803 569 835 tum
606 792 834 836 retrahunt,
866 788 1131 830 constristat-n
1155 791 1310 840 pariter
1331 799 1503 828 mouere
1521 788 1725 827 videntur.
1762 786 1926 840 Quam-

475 857 540 897 uis
576 855 689 896 enim
725 854 832 894 haud
867 853 934 900 ita,
971 861 1017 890 vt
1051 849 1222 901 angulus
1254 859 1297 890 et
1333 847 1506 889 bafilans
1542 861 1707 900 margo,
1739 849 1923 890 anterior

476 919 526 958 fit
559 917 671 956 fibris
708 915 911 969 repletus3
961 913 1161 965 quaedam
1199 921 1337 952 tamen
1374 912 1552 950 anterius
1589 911 1725 948 versus
1760 911 1923 962 apicem

477 982 680 1034 parietem
718 978 974 1030 superiorem
1010 987 1104 1015 cum
1142 974 1333 1015 inferiori
1369 973 1479 1014 intus
1511 973 1791 1019 connedhmt,
1839 984 1926 1024 quo

476 1044 614 1084 miuus
651 1052 797 1092 margo
831 1038 1032 1091 explicari
1068 1037 1201 1089 poffit.
1273 1036 1400 1087 Apex
1433 1033 1654 1074 ventriculi
1690 1035 1836 1086 plenus
1868 1033 1926 1073 est

473 1107 583 1146 intus
620 1101 732 1142 fibris
765 1102 950 1147 carneis,
984 1100 1027 1140 in
1061 1110 1209 1138 omnes
1244 1096 1521 1138 dimenfiones
1558 1095 1765 1143 extemis,
1797 1109 1820 1135 a
1853 1109 1927 1148 pa·-

477 1167 582 1209 1iete
618 1165 746 1204 altero
782 1164 831 1202 ad
866 1163 1039 1202 alterum
1060 1190 1071 1210 ‚
1106 1175 1128 1200 a
1163 1161 1281 1212 septo
1317 1161 1364 1200 ad
1403 1159 1660 1211 marginem,
1694 1158 1925 1210 pmduffis,

479 1231 587 1272 inter
621 1230 658 1268 se
693 1226 794 1279 ipsas
830 1226 1040 1267 connexis.
1108 1222 1223 1262 Idem
1257 1224 1381 1264 etiam
1417 1232 1603 1263 externas
1638 1220 1760 1261 fibras
1785 1223 1828 1261 in
1853 1233 1928 1262 va-

480 1293 559 1333 rias
592 1290 864 1330 dimenfiones
900 1287 1039 1327 ductas
1074 1285 1212 1335 habet,
1250 1285 1399 1337 quibus
1436 1286 1568 1325 minus
1601 1296 1723 1336 apeX,
1758 1284 1827 1324 vel
1855 1283 1929 1323 ali-

481 1367 562 1405 qua
613 1353 698 1391 eius
749 1364 840 1403 pars
884 1351 1098 1389 secundum
1145 1358 1299 1388 certam
1339 1347 1611 1387 direftionem
1650 1345 1924 1398 promoueri,

483 1426 602 1467 quam
648 1412 894 1464 fimpliciter
926 1409 1117 1450 contrahi
1151 1408 1283 1461 poffit.
1349 1408 1389 1448 ls
1424 1418 1530 1448 totus
1564 1419 1690 1458 ergo,
1741 1407 1926 1447 maxime

484 1487 624 1521 tamen
659 1475 708 1516 ad
744 1476 919 1528 septum,
954 1472 1177 1523 constringi
1211 1470 1395 1512 videtur.

1741 2209 1937 2256 DATv-
