2041 2738
890 259 1008 316 »ἓξ
1068 256 1272 322 j3362(
1329 260 1449 316 ttae<-

432 372 544 425 Aug.
579 370 778 417 fac'tarum
799 401 812 422 ‚
862 373 1070 418 erroribus
1111 377 1234 419 valde
1269 377 1433 434 magnis·
1460 374 1724 423 afficiantur?
1779 381 1899 440 Quin

435 438 565 480 etiam
602 438 666 480 his
700 439 854 481 cafibus
887 451 1048 481 errores
1083 455 1160 497 pro
1192 443 1480 486 obseruatione
1513 445 1581 486 die
1620 457 1678 497 29
1699 443 1810 501 Aug.
1833 451 1899 494 in-

433 503 603 554 stituta,
657 504 778 545 valde
821 504 1053 549 increscere
1085 518 1273 560 oportet.
1338 507 1461 550 Nam
1504 511 1650 564 prouti
1683 523 1740 554 ex
1782 514 1818 562 ξ.
1853 525 1897 564 9.

430 566 595 621 liquet,
645 568 718 609 nifi
767 580 962 612 enormes
998 572 1162 613 errores
1197 572 1548 617 obseruationibus
1581 588 1659 630 pro
1696 589 1721 616 2
1758 587 1802 617 et
1839 589 1895 617 12

427 630 541 685 Aug.
578 633 771 675 inducere
805 633 1001 684 velimu5‚
1037 638 1244 678 necessum
1277 637 1334 678 est
1354 667 1365 686 ,
1401 649 1451 679 vt
1484 642 1666 695 tempori
1697 639 1899 684 perihelii

429 706 473 738 et
506 697 772 752 elongationi
807 698 999 740 Perihelii
1031 715 1054 741 a
1087 702 1201 742 nodo
1236 701 1441 745 eiusmodi
1480 706 1714 748 tribuantur
1764 707 1903 749 varia·

422 762 574 811 tiones,
609 775 713 815 quae
748 765 981 806 contrarios
1017 779 1094 820 pro
1126 766 1228 809 Iocis
1262 764 1463 809 cometae
1498 770 1547 810 ad
1585 771 1673 811 dies
1708 783 1899 812 comme·

421 837 611 870 moratos
647 829 899 884 computatis
932 831 1171 883 producunt
1205 832 1397 884 effectum
1430 843 1470 873 at
1499 847 1576 887 pro
1607 836 1895 878 obseruatione

420 890 489 931 die
530 905 589 943 29
623 891 734 948 Aug.
771 894 955 936 instituta
993 894 1163 937 effectus
1199 897 1309 938 hinc,
1333 899 1500 938 oriundi
1533 899 1719 941 eiusdem
1767 907 1891 942 erunt

420 959 635 1005 nominis,
686 960 862 1010 ideoque
898 958 1127 1000 inseruient
1163 963 1211 1003 ad
1245 961 1351 1003 hanc
1388 962 1726 1005 obseruationem
1759 964 1895 1005 conti·

419 1029 508 1062 nuo
542 1021 675 1076 magis
714 1023 928 1077 magisque
966 1036 1190 1066 erroneam
1225 1027 1496 1071 reddendam.

607 1156 642 1204 ξ.
681 1166 754 1206 15.
822 1155 934 1197 Hinc
969 1156 1096 1210 igitur
1130 1155 1225 1198 satis
1271 1164 1364 1198 tuto
1400 1155 1598 1211 colligere
1649 1158 1890 1212 possumus,

415 1218 530 1274 qnod
568 1219 597 1260 fi
632 1220 703 1261 ista
753 1221 1051 1275 praescribatur
1102 1222 1317 1270 conditio,
1367 1232 1415 1263 vt
1450 1224 1494 1264 in
1531 1221 1890 1264 obseruationibus

418 1283 468 1325 ad
505 1284 673 1327 initium
709 1282 908 1329 Octobris
944 1287 1140 1328 institutis
1176 1299 1340 1329 errores
1387 1300 1471 1329 non
1517 1287 1681 1328 admitti
1718 1287 1894 1341 poffint,

416 1349 489 1402 qui
526 1350 766 1402 quindecim
802 1352 966 1391 minuta
998 1354 1136 1406 prima
1170 1352 1400 1400 excedant,
1431 1351 1653 1393 Elementa
1684 1349 1893 1392 Cometae

416 1424 498 1467 pro
535 1423 726 1466 tempore
763 1413 981 1455 Periodico
1016 1416 1160 1453 decem
1213 1426 1422 1455 annorum
1475 1427 1734 1467 nequaquam
1775 1417 1892 1455 inue-

415 1476 500 1521 niri
537 1477 672 1530 posse,
722 1489 830 1528 quae
864 1491 961 1517 cum
996 1477 1358 1518 obseruationibus
1394 1478 1533 1518 mense
1566 1477 1745 1530 Augusti
1780 1478 1893 1519 insti-

414 1539 518 1580 tutis
553 1541 660 1580 inter
693 1540 844 1581 decem
883 1543 1042 1580 minuta
1093 1541 1228 1592 prima
1277 1551 1522 1592 congruant.
1600 1539 1825 1583 Caeterum
1860 1541 1891 1583 fi

417 1602 702 1644 conclufiones
738 1605 780 1642 in
836 1606 870 1652 ξ.
904 1618 944 1654 9.
996 1604 1186 1644 inuentas
1238 1603 1571 1652 confideremus,
1619 1603 1888 1657 perspicuum

417 1668 493 1708 erit
531 1679 720 1708 errorem
759 1669 798 1707 in
839 1669 1128 1709 obseruatione
1162 1669 1229 1709 die
1272 1681 1289 1707 1
1331 1665 1528 1708 Octobris
1564 1667 1651 1708 satis
1692 1669 1889 1721 probabi-

415 1732 508 1773 liter
546 1732 616 1771 sub
653 1733 861 1773 eiusmodi
898 1733 1118 1788 hypothesi
1156 1733 1352 1786 temporis
1392 1731 1624 1784 periodici,
1659 1732 1779 1773 statui
1814 1734 1888 1774 de-

415 1797 518 1837 bere
554 1797 805 1849 pofitiuum‚
857 1809 899 1838 ct
937 1800 963 1838 s1
995 1798 1185 1839 conditio
1224 1797 1472 1838 admittatur
1504 1797 1619 1849 quod
1654 1797 1725 1837 iste
1760 1810 1887 1841 error

421 1873 472 1910 15
513 1860 682 1901 Minuta
718 1863 855 1914 prima
894 1863 1094 1903 excedere
1133 1875 1217 1904 non
1253 1861 1426 1909 debeat,
1469 1874 1659 1903 errorem
1693 1875 1773 1916 pro
1809 1863 1888 1902 ob-

412 1926 645 1967 seruatione
681 1927 747 1967 die
788 1940 846 1976 29
883 1926 992 1980 Aug.
1032 1937 1146 1967 certe
1182 1926 1274 1966 fieri
1311 1929 1581 1979 negatiuum3
1631 1928 1739 1966 vnde
1786 1939 1888 1975 cum

412 1990 683 2031 interuallum
740 1994 941 2044 ttmporis
996 1993 1103 2034 iuter
1138 1991 1209 2031 has
1245 1989 1548 2031 obseruationes
1586 2002 1667 2031 non
1714 1990 1764 2030 fit
1808 1991 1884 2032 nisi

413 2055 533 2094 vnius
567 2054 715 2093 menfis
750 2066 789 2094 et
828 2056 1127 2097 obseruationes
1175 2055 1453 2096 intermediae
1498 2067 1593 2094 cum
1628 2054 1693 2095 his
1726 2066 1884 2107 aequa-

414 2118 486 2158 bili
518 2129 664 2159 tenore
696 2119 950 2172 procedant,
987 2121 1192 2161 neceffum
1229 2119 1312 2169 est,
1344 2130 1392 2159 vt
1427 2132 1592 2160 errores
1625 2118 1886 2163 obseruatio·

411 2195 513 2223 num
549 2182 639 2237 post
675 2195 733 2232 29
770 2182 883 2236 Aug.
919 2184 1206 2225 institutarum
1260 2183 1438 2236 negatiui
1489 2184 1694 2225 continuo
1742 2184 1882 2226 minu-

412 2258 556 2295 antur,
591 2249 664 2300 qui
702 2260 797 2288 cum
835 2262 913 2302 pro
947 2247 1309 2290 obseruationibus
1344 2248 1485 2290 mense
1520 2246 1778 2303 Septembris
1812 2250 1884 2290 in-

410 2313 562 2354 stitutis
593 2311 744 2353 alicubi
779 2314 1057 2363 euanuerint‚
1091 2314 1237 2356 deinde
1270 2313 1316 2353 in
1347 2313 1553 2368 pofitiuos
1589 2312 1776 2355 abibunt.

1728 2376 1763 2426 ς,
1805 2377 1881 2420 16.
