<?xml version="1.0" encoding="UTF-8"?>
<!DOCTYPE html PUBLIC "-//W3C//DTD XHTML 1.0 Transitional//EN"
    "http://www.w3.org/TR/xhtml1/DTD/xhtml1-transitional.dtd">
<html xmlns="http://www.w3.org/1999/xhtml" xml:lang="en" lang="en">
 <head>
  <title>
</title>
<meta http-equiv="Content-Type" content="text/html;charset=utf-8" />
  <meta name='ocr-system' content='tesseract 3.04.00' />
  <meta name='ocr-capabilities' content='ocr_page ocr_carea ocr_par ocr_line ocrx_word'/>
</head>
<body>
  <div class='ocr_page' id='page_1' title='image "./actaacademiae81impe_0262.png"; bbox 0 0 2041 2738; ppageno 0'>
   <div class='ocr_carea' id='block_1_1' title="bbox 880 181 1456 239">
    <p class='ocr_par' dir='ltr' id='par_1_1' title="bbox 880 181 1456 239">
     <span class='ocr_line' id='line_1_1' title="bbox 880 181 1456 239; baseline -0.003 -4"><span class='ocrx_word' id='word_1_1' title='bbox 880 185 1023 235; x_wconf 45' lang='grc' dir='ltr'>’ὑὲ-ἐξ</span> <span class='ocrx_word' id='word_1_2' title='bbox 1085 182 1102 239; x_wconf 91' lang='grc'>)</span> <span class='ocrx_word' id='word_1_3' title='bbox 1140 187 1229 224; x_wconf 84' lang='lat'>21⁶</span> <span class='ocrx_word' id='word_1_4' title='bbox 1264 181 1278 238; x_wconf 92' lang='lat'><strong>(</strong></span> <span class='ocrx_word' id='word_1_5' title='bbox 1342 184 1456 234; x_wconf 56' lang='lat' dir='ltr'>&amp;te-a&lt;-</span> 
     </span>
    </p>
   </div>
   <div class='ocr_carea' id='block_1_2' title="bbox 455 290 1909 864">
    <p class='ocr_par' dir='ltr' id='par_1_2' title="bbox 455 290 1909 864">
     <span class='ocr_line' id='line_1_2' title="bbox 455 290 1903 349; baseline -0.004 -9"><span class='ocrx_word' id='word_1_6' title='bbox 455 298 503 341; x_wconf 63' lang='lat' dir='ltr'>‘D</span> <span class='ocrx_word' id='word_1_7' title='bbox 539 306 580 339; x_wconf 88' lang='lat' dir='ltr'>et</span> <span class='ocrx_word' id='word_1_8' title='bbox 612 292 673 344; x_wconf 80' lang='lat' dir='ltr'>C,</span> <span class='ocrx_word' id='word_1_9' title='bbox 721 303 836 349; x_wconf 80' lang='lat' dir='ltr'>patet</span> <span class='ocrx_word' id='word_1_10' title='bbox 878 294 1063 348; x_wconf 87' lang='lat' dir='ltr'>primum</span> <span class='ocrx_word' id='word_1_11' title='bbox 1097 304 1178 346; x_wconf 85' lang='lat' dir='ltr'>pro</span> <span class='ocrx_word' id='word_1_12' title='bbox 1208 291 1299 332; x_wconf 85' lang='lat' dir='ltr'>casu</span> <span class='ocrx_word' id='word_1_13' title='bbox 1334 291 1412 331; x_wconf 88' lang='lat' dir='ltr'>isto</span> <span class='ocrx_word' id='word_1_14' title='bbox 1446 290 1606 345; x_wconf 77' lang='lat' dir='ltr'>speciali</span> <span class='ocrx_word' id='word_1_15' title='bbox 1637 303 1721 346; x_wconf 83' lang='lat' dir='ltr'>quo</span> <span class='ocrx_word' id='word_1_16' title='bbox 1751 297 1903 339; x_wconf 71' lang='lat' dir='ltr'>lamina</span> 
     </span>
     <span class='ocr_line' id='line_1_3' title="bbox 464 353 1901 412; baseline 0.001 -11"><span class='ocrx_word' id='word_1_17' title='bbox 464 363 506 402; x_wconf 85' lang='lat' dir='ltr'>in</span> <span class='ocrx_word' id='word_1_18' title='bbox 545 362 582 400; x_wconf 91' lang='lat' dir='ltr'><strong>A</strong></span> <span class='ocrx_word' id='word_1_19' title='bbox 620 371 744 400; x_wconf 87' lang='lat' dir='ltr'>muro</span> <span class='ocrx_word' id='word_1_20' title='bbox 779 358 843 398; x_wconf 80' lang='lat' dir='ltr'>vel</span> <span class='ocrx_word' id='word_1_21' title='bbox 877 357 1022 412; x_wconf 80' lang='lat' dir='ltr'>parieti</span> <span class='ocrx_word' id='word_1_22' title='bbox 1058 355 1181 397; x_wconf 76' lang='lat' dir='ltr'>fuerit</span> <span class='ocrx_word' id='word_1_23' title='bbox 1214 353 1361 405; x_wconf 82' lang='lat' dir='ltr'>infixa,</span> <span class='ocrx_word' id='word_1_24' title='bbox 1393 355 1443 395; x_wconf 79' lang='lat' dir='ltr'>ad</span> <span class='ocrx_word' id='word_1_25' title='bbox 1476 354 1652 397; x_wconf 83' lang='lat' dir='ltr'>alterum</span> <span class='ocrx_word' id='word_1_26' title='bbox 1675 364 1901 401; x_wconf 87' lang='lat' dir='ltr'>terminum</span> 
     </span>
     <span class='ocr_line' id='line_1_4' title="bbox 464 418 1902 474; baseline -0.001 -11"><span class='ocrx_word' id='word_1_27' title='bbox 464 436 570 463; x_wconf 87' lang='lat' dir='ltr'>vero</span> <span class='ocrx_word' id='word_1_28' title='bbox 604 423 780 464; x_wconf 83' lang='lat' dir='ltr'>laminae</span> <span class='ocrx_word' id='word_1_29' title='bbox 815 420 864 460; x_wconf 89' lang='lat' dir='ltr'>M</span> <span class='ocrx_word' id='word_1_30' title='bbox 900 421 1079 474; x_wconf 82' lang='lat' dir='ltr'>pondere</span> <span class='ocrx_word' id='word_1_31' title='bbox 1115 418 1146 458; x_wconf 84' lang='lat' dir='ltr'>P</span> <span class='ocrx_word' id='word_1_32' title='bbox 1180 418 1353 467; x_wconf 78' lang='lat' dir='ltr'>onusta,</span> <span class='ocrx_word' id='word_1_33' title='bbox 1382 418 1611 459; x_wconf 81' lang='lat' dir='ltr'>constantes</span> <span class='ocrx_word' id='word_1_34' title='bbox 1643 420 1733 461; x_wconf 81' lang='lat' dir='ltr'>istas</span> <span class='ocrx_word' id='word_1_35' title='bbox 1761 426 1902 464; x_wconf 86' lang='lat' dir='ltr'>omni..</span> 
     </span>
     <span class='ocr_line' id='line_1_5' title="bbox 464 481 1904 534; baseline -0.001 -8"><span class='ocrx_word' id='word_1_36' title='bbox 464 487 588 526; x_wconf 88' lang='lat' dir='ltr'>mode</span> <span class='ocrx_word' id='word_1_37' title='bbox 629 485 915 531; x_wconf 83' lang='lat' dir='ltr'>determinari,</span> <span class='ocrx_word' id='word_1_38' title='bbox 947 484 1071 522; x_wconf 84' lang='lat' dir='ltr'>modo</span> <span class='ocrx_word' id='word_1_39' title='bbox 1104 483 1267 534; x_wconf 86' lang='lat' dir='ltr'>cognita</span> <span class='ocrx_word' id='word_1_40' title='bbox 1302 481 1502 521; x_wconf 82' lang='lat' dir='ltr'>habeatur</span> <span class='ocrx_word' id='word_1_41' title='bbox 1536 481 1751 533; x_wconf 79' lang='lat' dir='ltr'>elasticitas</span> <span class='ocrx_word' id='word_1_42' title='bbox 1785 484 1904 526; x_wconf 83' lang='lat' dir='ltr'>lami-</span> 
     </span>
     <span class='ocr_line' id='line_1_6' title="bbox 463 541 1902 600; baseline -0.002 -10"><span class='ocrx_word' id='word_1_43' title='bbox 463 562 555 598; x_wconf 84' lang='lat' dir='ltr'>nae,</span> <span class='ocrx_word' id='word_1_44' title='bbox 589 550 654 590; x_wconf 87' lang='lat' dir='ltr'>cui</span> <span class='ocrx_word' id='word_1_45' title='bbox 691 547 910 600; x_wconf 76' lang='lat' dir='ltr'>quantitati</span> <span class='ocrx_word' id='word_1_46' title='bbox 946 547 1088 586; x_wconf 68' lang='lat' dir='ltr'>littera</span> <span class='ocrx_word' id='word_1_47' title='bbox 1124 541 1160 584; x_wconf 90' lang='lat' dir='ltr'><strong>G</strong></span> <span class='ocrx_word' id='word_1_48' title='bbox 1193 544 1381 585; x_wconf 79' lang='lat' dir='ltr'>censetur</span> <span class='ocrx_word' id='word_1_49' title='bbox 1416 546 1768 597; x_wconf 86' lang='lat' dir='ltr'>proportionalis,</span> <span class='ocrx_word' id='word_1_50' title='bbox 1825 560 1902 591; x_wconf 86' lang='lat' dir='ltr'>nec</span> 
     </span>
     <span class='ocr_line' id='line_1_7' title="bbox 461 606 1906 666; baseline -0.003 -14"><span class='ocrx_word' id='word_1_51' title='bbox 461 625 546 666; x_wconf 83' lang='lat' dir='ltr'>non</span> <span class='ocrx_word' id='word_1_52' title='bbox 596 613 815 664; x_wconf 80' lang='lat' dir='ltr'>longitudo</span> <span class='ocrx_word' id='word_1_53' title='bbox 863 610 1039 650; x_wconf 81' lang='lat' dir='ltr'>laminae</span> <span class='ocrx_word' id='word_1_54' title='bbox 1083 608 1180 648; x_wconf 78' lang='lat' dir='ltr'>:l</span> <span class='ocrx_word' id='word_1_55' title='bbox 1221 616 1262 647; x_wconf 84' lang='lat' dir='ltr'>et</span> <span class='ocrx_word' id='word_1_56' title='bbox 1304 607 1464 661; x_wconf 89' lang='lat' dir='ltr'>pondus</span> <span class='ocrx_word' id='word_1_57' title='bbox 1499 606 1544 647; x_wconf 85' lang='lat' dir='ltr'>P.</span> <span class='ocrx_word' id='word_1_58' title='bbox 1611 607 1756 662; x_wconf 86' lang='lat' dir='ltr'>Quum</span> <span class='ocrx_word' id='word_1_59' title='bbox 1793 611 1906 652; x_wconf 86' lang='lat' dir='ltr'>enim</span> 
     </span>
     <span class='ocr_line' id='line_1_8' title="bbox 458 667 1907 732; baseline -0.002 -15"><span class='ocrx_word' id='word_1_60' title='bbox 458 677 745 717; x_wconf 88' lang='lat' dir='ltr'>inuenerimus</span> <span class='ocrx_word' id='word_1_61' title='bbox 780 674 810 713; x_wconf 89' lang='lat' dir='ltr'>P</span> <span class='ocrx_word' id='word_1_62' title='bbox 830 687 883 714; x_wconf 70' lang='grc' dir='ltr'>Ξ</span> <span class='ocrx_word' id='word_1_63' title='bbox 902 696 942 702; x_wconf 91' lang='grc'>-</span> <span class='ocrx_word' id='word_1_64' title='bbox 961 671 998 714; x_wconf 92' lang='lat' dir='ltr'>G</span> <span class='ocrx_word' id='word_1_65' title='bbox 1022 668 1057 710; x_wconf 91' lang='lat' dir='ltr'>C</span> <span class='ocrx_word' id='word_1_66' title='bbox 1078 669 1142 722; x_wconf 79' lang='lat' dir='ltr'>D3</span> <span class='ocrx_word' id='word_1_67' title='bbox 1190 670 1264 710; x_wconf 73' lang='lat' dir='ltr'>fiet</span> <span class='ocrx_word' id='word_1_68' title='bbox 1294 692 1333 699; x_wconf 87' lang='lat'>—</span> <span class='ocrx_word' id='word_1_69' title='bbox 1352 668 1388 710; x_wconf 91' lang='lat' dir='ltr'>C</span> <span class='ocrx_word' id='word_1_70' title='bbox 1409 668 1449 709; x_wconf 88' lang='lat' dir='ltr'>D</span> <span class='ocrx_word' id='word_1_71' title='bbox 1469 681 1522 710; x_wconf 72' lang='lat' dir='ltr'>:z</span> <span class='ocrx_word' id='word_1_72' title='bbox 1545 667 1617 732; x_wconf 53' lang='lat' dir='ltr'>{a</span> <span class='ocrx_word' id='word_1_73' title='bbox 1659 673 1770 712; x_wconf 88' lang='lat' dir='ltr'>Tum</span> <span class='ocrx_word' id='word_1_74' title='bbox 1807 682 1907 715; x_wconf 78' lang='lat' dir='ltr'>vero</span> 
     </span>
     <span class='ocr_line' id='line_1_9' title="bbox 460 742 1907 802; baseline -0.003 -14"><span class='ocrx_word' id='word_1_75' title='bbox 460 761 539 802; x_wconf 88' lang='lat' dir='ltr'>pro</span> <span class='ocrx_word' id='word_1_76' title='bbox 572 747 726 800; x_wconf 70' lang='lat' dir='ltr'>punsto</span> <span class='ocrx_word' id='word_1_77' title='bbox 760 755 960 785; x_wconf 81' lang='lat' dir='ltr'>extremo</span> <span class='ocrx_word' id='word_1_78' title='bbox 994 743 1173 784; x_wconf 83' lang='lat' dir='ltr'>laminae</span> <span class='ocrx_word' id='word_1_79' title='bbox 1209 742 1259 781; x_wconf 89' lang='lat' dir='ltr'>M</span> <span class='ocrx_word' id='word_1_80' title='bbox 1291 751 1560 795; x_wconf 89' lang='lat' dir='ltr'>computetur</span> <span class='ocrx_word' id='word_1_81' title='bbox 1594 755 1710 783; x_wconf 85' lang='lat' dir='ltr'>arcus</span> <span class='ocrx_word' id='word_1_82' title='bbox 1744 755 1907 797; x_wconf 81' lang='lat' dir='ltr'>spery</span> 
     </span>
     <span class='ocr_line' id='line_1_10' title="bbox 463 804 1909 864; baseline -0.003 -13"><span class='ocrx_word' id='word_1_83' title='bbox 463 811 704 864; x_wconf 79' lang='lat' dir='ltr'>expreffus‚</span> <span class='ocrx_word' id='word_1_84' title='bbox 756 818 796 847; x_wconf 90' lang='lat' dir='ltr'>et</span> <span class='ocrx_word' id='word_1_85' title='bbox 845 810 884 846; x_wconf 88' lang='lat' dir='ltr'>in</span> <span class='ocrx_word' id='word_1_86' title='bbox 929 806 1187 859; x_wconf 84' lang='lat' dir='ltr'>expreffione</span> <span class='ocrx_word' id='word_1_87' title='bbox 1233 806 1299 845; x_wconf 82' lang='lat' dir='ltr'>ista</span> <span class='ocrx_word' id='word_1_88' title='bbox 1336 804 1434 845; x_wconf 46' lang='lat' dir='ltr'>loco*</span> <span class='ocrx_word' id='word_1_89' title='bbox 1457 817 1489 856; x_wconf 81' lang='lat' dir='ltr'><em>y</em></span> <span class='ocrx_word' id='word_1_90' title='bbox 1524 805 1785 847; x_wconf 81' lang='lat' dir='ltr'>substituatur</span> <span class='ocrx_word' id='word_1_91' title='bbox 1819 809 1909 847; x_wconf 85' lang='lat' dir='ltr'>eius</span> 
     </span>
    </p>
   </div>
   <div class='ocr_carea' id='block_1_3' title="bbox 461 867 1906 935">
    <p class='ocr_par' dir='ltr' id='par_1_3' title="bbox 461 867 1906 935">
     <span class='ocr_line' id='line_1_11' title="bbox 461 867 1906 935; baseline -0.003 -22"><span class='ocrx_word' id='word_1_92' title='bbox 461 874 578 914; x_wconf 85' lang='lat' dir='ltr'>valor</span> <span class='ocrx_word' id='word_1_93' title='bbox 612 896 652 901; x_wconf 89' lang='lat'>-—</span> <span class='ocrx_word' id='word_1_94' title='bbox 673 867 786 935; x_wconf 38' lang='grc' dir='ltr'>ἐξὲξ,</span> <span class='ocrx_word' id='word_1_95' title='bbox 834 880 1022 922; x_wconf 81' lang='lat' dir='ltr'><strong>emerget</strong></span> <span class='ocrx_word' id='word_1_96' title='bbox 1058 869 1250 921; x_wconf 79' lang='lat' dir='ltr'>aequatio</span> <span class='ocrx_word' id='word_1_97' title='bbox 1284 867 1507 920; x_wconf 75' lang='lat' dir='ltr'>lnequalis</span> <span class='ocrx_word' id='word_1_98' title='bbox 1541 869 1795 921; x_wconf 62' lang='lat' dir='ltr'>expreffioni‘</span> <span class='ocrx_word' id='word_1_99' title='bbox 1821 869 1906 909; x_wconf 82' lang='lat' dir='ltr'>cui—</span> 
     </span>
    </p>
   </div>
   <div class='ocr_carea' id='block_1_4' title="bbox 458 939 1919 1576">
    <p class='ocr_par' dir='ltr' id='par_1_4' title="bbox 458 939 1919 1576">
     <span class='ocr_line' id='line_1_12' title="bbox 459 939 1904 1000; baseline -0.002 -17"><span class='ocrx_word' id='word_1_100' title='bbox 459 943 552 983; x_wconf 84' lang='lat' dir='ltr'>dam</span> <span class='ocrx_word' id='word_1_101' title='bbox 591 956 702 1000; x_wconf 28' lang='lat' dir='ltr'>qnae.</span> <span class='ocrx_word' id='word_1_102' title='bbox 729 955 810 984; x_wconf 89' lang='lat' dir='ltr'>non</span> <span class='ocrx_word' id='word_1_103' title='bbox 848 942 919 982; x_wconf 86' lang='lat' dir='ltr'>nifi</span> <span class='ocrx_word' id='word_1_104' title='bbox 956 941 1201 992; x_wconf 80' lang='lat' dir='ltr'>quantitates</span> <span class='ocrx_word' id='word_1_105' title='bbox 1235 939 1466 979; x_wconf 81' lang='lat' dir='ltr'>constantes</span> <span class='ocrx_word' id='word_1_106' title='bbox 1500 940 1696 980; x_wconf 88' lang='lat' dir='ltr'>inuoluit.</span> <span class='ocrx_word' id='word_1_107' title='bbox 1739 939 1808 979; x_wconf 85' lang='lat' dir='ltr'>Ex</span> <span class='ocrx_word' id='word_1_108' title='bbox 1827 939 1904 980; x_wconf 86' lang='lat' dir='ltr'>hac</span> 
     </span>
     <span class='ocr_line' id='line_1_13' title="bbox 461 998 1907 1061; baseline -0.002 -15"><span class='ocrx_word' id='word_1_109' title='bbox 461 1007 595 1060; x_wconf 85' lang='lat' dir='ltr'>igitur</span> <span class='ocrx_word' id='word_1_110' title='bbox 625 998 881 1058; x_wconf 73' lang='lat' dir='ltr'>aequatione,</span> <span class='ocrx_word' id='word_1_111' title='bbox 906 1015 946 1044; x_wconf 86' lang='lat' dir='ltr'>et</span> <span class='ocrx_word' id='word_1_112' title='bbox 986 1003 1054 1042; x_wconf 84' lang='lat' dir='ltr'>illa</span> <span class='ocrx_word' id='word_1_113' title='bbox 1089 1025 1129 1032; x_wconf 91' lang='lat'>-</span> <span class='ocrx_word' id='word_1_114' title='bbox 1150 1000 1185 1041; x_wconf 95' lang='lat' dir='ltr'>C</span> <span class='ocrx_word' id='word_1_115' title='bbox 1205 1001 1243 1042; x_wconf 91' lang='lat' dir='ltr'>D</span> <span class='ocrx_word' id='word_1_116' title='bbox 1262 1017 1312 1042; x_wconf 76' lang='lat' dir='ltr'><strong><em>z</em></strong></span> <span class='ocrx_word' id='word_1_117' title='bbox 1332 999 1395 1061; x_wconf 51' lang='grc' dir='ltr'>ἓ,</span> <span class='ocrx_word' id='word_1_118' title='bbox 1415 1004 1497 1043; x_wconf 88' lang='lat' dir='ltr'>iam</span> <span class='ocrx_word' id='word_1_119' title='bbox 1533 1002 1689 1044; x_wconf 80' lang='lat' dir='ltr'>valores</span> <span class='ocrx_word' id='word_1_120' title='bbox 1723 1004 1907 1055; x_wconf 88' lang='lat' dir='ltr'>ipsorum</span> 
     </span>
     <span class='ocr_line' id='line_1_14' title="bbox 462 1071 1908 1130; baseline -0.003 -13"><span class='ocrx_word' id='word_1_121' title='bbox 462 1077 515 1127; x_wconf 88' lang='lat' dir='ltr'>C,</span> <span class='ocrx_word' id='word_1_122' title='bbox 543 1078 583 1117; x_wconf 93' lang='lat' dir='ltr'>D</span> <span class='ocrx_word' id='word_1_123' title='bbox 614 1078 789 1130; x_wconf 61' lang='lat' dir='ltr'>perse-fta</span> <span class='ocrx_word' id='word_1_124' title='bbox 826 1074 1136 1127; x_wconf 84' lang='lat' dir='ltr'>coguoscentur,</span> <span class='ocrx_word' id='word_1_125' title='bbox 1171 1082 1212 1110; x_wconf 87' lang='lat' dir='ltr'>et</span> <span class='ocrx_word' id='word_1_126' title='bbox 1244 1071 1470 1111; x_wconf 83' lang='lat' dir='ltr'>Problema</span> <span class='ocrx_word' id='word_1_127' title='bbox 1504 1074 1749 1112; x_wconf 81' lang='lat' dir='ltr'>omnimode</span> <span class='ocrx_word' id='word_1_128' title='bbox 1783 1073 1908 1113; x_wconf 86' lang='lat' dir='ltr'>habe-</span> 
     </span>
     <span class='ocr_line' id='line_1_15' title="bbox 461 1132 1910 1191; baseline -0.006 -11"><span class='ocrx_word' id='word_1_129' title='bbox 461 1150 528 1180; x_wconf 87' lang='lat' dir='ltr'>tur</span> <span class='ocrx_word' id='word_1_130' title='bbox 562 1141 896 1181; x_wconf 81' lang='lat' dir='ltr'>determinatum.</span> <span class='ocrx_word' id='word_1_131' title='bbox 965 1136 1121 1191; x_wconf 80' lang='lat' dir='ltr'>Quodsi</span> <span class='ocrx_word' id='word_1_132' title='bbox 1160 1146 1260 1174; x_wconf 85' lang='lat' dir='ltr'>vero</span> <span class='ocrx_word' id='word_1_133' title='bbox 1297 1133 1514 1174; x_wconf 74' lang='lat' dir='ltr'>etasticitas</span> <span class='ocrx_word' id='word_1_134' title='bbox 1537 1132 1576 1174; x_wconf 90' lang='lat' dir='ltr'>G</span> <span class='ocrx_word' id='word_1_135' title='bbox 1597 1147 1674 1187; x_wconf 87' lang='lat' dir='ltr'>pto</span> <span class='ocrx_word' id='word_1_136' title='bbox 1700 1135 1910 1185; x_wconf 76' lang='lat' dir='ltr'>incognita</span> 
     </span>
     <span class='ocr_line' id='line_1_16' title="bbox 459 1191 1910 1260; baseline -0.006 -17"><span class='ocrx_word' id='word_1_137' title='bbox 459 1203 680 1249; x_wconf 74' lang='lat' dir='ltr'>habeatur,</span> <span class='ocrx_word' id='word_1_138' title='bbox 724 1201 912 1241; x_wconf 78' lang='lat' dir='ltr'>ordinata</span> <span class='ocrx_word' id='word_1_139' title='bbox 950 1210 1089 1240; x_wconf 81' lang='lat' dir='ltr'>ant-em</span> <span class='ocrx_word' id='word_1_140' title='bbox 1129 1197 1174 1237; x_wconf 90' lang='lat' dir='ltr'>M</span> <span class='ocrx_word' id='word_1_141' title='bbox 1197 1191 1472 1260; x_wconf 52' lang='lat' dir='ltr'>Nz—-ffisfifi</span> <span class='ocrx_word' id='word_1_142' title='bbox 1505 1199 1675 1250; x_wconf 86' lang='lat' dir='ltr'>cognita</span> <span class='ocrx_word' id='word_1_143' title='bbox 1701 1196 1761 1247; x_wconf 76' lang='lat' dir='ltr'>fit,</span> <span class='ocrx_word' id='word_1_144' title='bbox 1801 1207 1910 1248; x_wconf 82' lang='lat' dir='ltr'>quae</span> 
     </span>
     <span class='ocr_line' id='line_1_17' title="bbox 460 1261 1908 1330; baseline -0.008 -14"><span class='ocrx_word' id='word_1_145' title='bbox 460 1276 659 1316; x_wconf 83' lang='lat' dir='ltr'>statuatur</span> <span class='ocrx_word' id='word_1_146' title='bbox 677 1288 712 1313; x_wconf 70' lang='lat' dir='ltr'>z:</span> <span class='ocrx_word' id='word_1_147' title='bbox 729 1287 762 1322; x_wconf 79' lang='lat' dir='ltr'>e,</span> <span class='ocrx_word' id='word_1_148' title='bbox 797 1272 866 1311; x_wconf 84' lang='lat' dir='ltr'>fiet</span> <span class='ocrx_word' id='word_1_149' title='bbox 898 1271 936 1311; x_wconf 92' lang='lat' dir='ltr'><strong>D</strong></span> <span class='ocrx_word' id='word_1_150' title='bbox 954 1269 988 1311; x_wconf 90' lang='lat' dir='ltr'>C</span> <span class='ocrx_word' id='word_1_151' title='bbox 1008 1286 1058 1313; x_wconf 72' lang='lat' dir='ltr'>:z</span> <span class='ocrx_word' id='word_1_152' title='bbox 1078 1264 1233 1329; x_wconf 39' lang='lat'>„1593</span> <span class='ocrx_word' id='word_1_153' title='bbox 1278 1269 1456 1322; x_wconf 89' lang='lat' dir='ltr'>hincque</span> <span class='ocrx_word' id='word_1_154' title='bbox 1500 1261 1908 1330; x_wconf 53' lang='grc' dir='ltr'>(ΞΣ-εὲυε-ὶ-ᾗέξ,</span> 
     </span>
     <span class='ocr_line' id='line_1_18' title="bbox 458 1338 1907 1391; baseline -0.006 -6"><span class='ocrx_word' id='word_1_155' title='bbox 458 1345 573 1387; x_wconf 88' lang='lat' dir='ltr'>Tum</span> <span class='ocrx_word' id='word_1_156' title='bbox 609 1357 710 1383; x_wconf 92' lang='lat' dir='ltr'>vero</span> <span class='ocrx_word' id='word_1_157' title='bbox 746 1343 772 1382; x_wconf 84' lang='lat' dir='ltr'><strong>fi</strong></span> <span class='ocrx_word' id='word_1_158' title='bbox 807 1343 962 1382; x_wconf 77' lang='lat' dir='ltr'>abscissa</span> <span class='ocrx_word' id='word_1_159' title='bbox 999 1341 1035 1380; x_wconf 79' lang='lat' dir='ltr'>A</span> <span class='ocrx_word' id='word_1_160' title='bbox 1057 1338 1210 1389; x_wconf 64' lang='lat' dir='ltr'><em>sz</em></span> <span class='ocrx_word' id='word_1_161' title='bbox 1235 1351 1403 1391; x_wconf 86' lang='lat' dir='ltr'>quoque</span> <span class='ocrx_word' id='word_1_162' title='bbox 1439 1338 1691 1391; x_wconf 79' lang='lat' dir='ltr'>supponatur</span> <span class='ocrx_word' id='word_1_163' title='bbox 1724 1340 1907 1389; x_wconf 84' lang='lat' dir='ltr'>cognita,</span> 
     </span>
     <span class='ocr_line' id='line_1_19' title="bbox 464 1401 1910 1460; baseline -0.007 -11"><span class='ocrx_word' id='word_1_164' title='bbox 464 1403 505 1449; x_wconf 76' lang='lat' dir='ltr'>in</span> <span class='ocrx_word' id='word_1_165' title='bbox 551 1401 808 1460; x_wconf 72' lang='lat' dir='ltr'>expressione</span> <span class='ocrx_word' id='word_1_166' title='bbox 855 1418 931 1457; x_wconf 84' lang='lat' dir='ltr'>qua</span> <span class='ocrx_word' id='word_1_167' title='bbox 977 1404 1043 1444; x_wconf 78' lang='lat' dir='ltr'>ilia</span> <span class='ocrx_word' id='word_1_168' title='bbox 1080 1415 1151 1455; x_wconf 86' lang='lat' dir='ltr'>per</span> <span class='ocrx_word' id='word_1_169' title='bbox 1186 1401 1236 1441; x_wconf 92' lang='lat' dir='ltr'>M</span> <span class='ocrx_word' id='word_1_170' title='bbox 1261 1401 1298 1442; x_wconf 91' lang='lat' dir='ltr'>N</span> <span class='ocrx_word' id='word_1_171' title='bbox 1334 1412 1374 1440; x_wconf 89' lang='lat' dir='ltr'>et</span> <span class='ocrx_word' id='word_1_172' title='bbox 1409 1401 1638 1441; x_wconf 85' lang='lat' dir='ltr'>constantes</span> <span class='ocrx_word' id='word_1_173' title='bbox 1675 1401 1910 1453; x_wconf 85' lang='lat' dir='ltr'>repraesen-</span> 
     </span>
     <span class='ocr_line' id='line_1_20' title="bbox 464 1461 1919 1519; baseline -0.005 -8"><span class='ocrx_word' id='word_1_174' title='bbox 464 1482 590 1518; x_wconf 81' lang='lat' dir='ltr'>tatur,</span> <span class='ocrx_word' id='word_1_175' title='bbox 625 1469 868 1509; x_wconf 79' lang='lat' dir='ltr'>habebimus</span> <span class='ocrx_word' id='word_1_176' title='bbox 898 1467 1192 1519; x_wconf 75' lang='lat' dir='ltr'>aequationem</span> <span class='ocrx_word' id='word_1_177' title='bbox 1223 1477 1327 1516; x_wconf 84' lang='lat' dir='ltr'>quae</span> <span class='ocrx_word' id='word_1_178' title='bbox 1348 1473 1515 1517; x_wconf 85' lang='lat' dir='ltr'>praeter</span> <span class='ocrx_word' id='word_1_179' title='bbox 1534 1464 1719 1514; x_wconf 81' lang='lat' dir='ltr'>cognitas</span> <span class='ocrx_word' id='word_1_180' title='bbox 1744 1461 1919 1518; x_wconf 84' lang='lat' dir='ltr'><strong>AN:f</strong></span> 
     </span>
     <span class='ocr_line' id='line_1_21' title="bbox 463 1524 1908 1576; baseline -0.005 -2"><span class='ocrx_word' id='word_1_181' title='bbox 463 1545 506 1574; x_wconf 89' lang='lat' dir='ltr'>et</span> <span class='ocrx_word' id='word_1_182' title='bbox 525 1537 562 1576; x_wconf 90' lang='lat' dir='ltr'><strong>A</strong></span> <span class='ocrx_word' id='word_1_183' title='bbox 578 1534 629 1573; x_wconf 89' lang='lat' dir='ltr'>M</span> <span class='ocrx_word' id='word_1_184' title='bbox 644 1544 672 1570; x_wconf 80' lang='lat'>.·.</span> <span class='ocrx_word' id='word_1_185' title='bbox 691 1544 711 1572; x_wconf 84' lang='lat' dir='ltr'>e</span> <span class='ocrx_word' id='word_1_186' title='bbox 731 1540 814 1569; x_wconf 91' lang='lat' dir='ltr'>non</span> <span class='ocrx_word' id='word_1_187' title='bbox 835 1530 907 1569; x_wconf 82' lang='lat' dir='ltr'>nisi</span> <span class='ocrx_word' id='word_1_188' title='bbox 927 1529 1154 1569; x_wconf 87' lang='lat' dir='ltr'>constantes</span> <span class='ocrx_word' id='word_1_189' title='bbox 1174 1525 1225 1573; x_wconf 88' lang='lat' dir='ltr'>C,</span> <span class='ocrx_word' id='word_1_190' title='bbox 1248 1526 1288 1566; x_wconf 92' lang='lat' dir='ltr'>D</span> <span class='ocrx_word' id='word_1_191' title='bbox 1307 1526 1502 1573; x_wconf 86' lang='lat' dir='ltr'>inuoluit,</span> <span class='ocrx_word' id='word_1_192' title='bbox 1522 1524 1605 1564; x_wconf 86' lang='lat' dir='ltr'>fine</span> <span class='ocrx_word' id='word_1_193' title='bbox 1629 1524 1908 1567; x_wconf 84' lang='lat' dir='ltr'>substituendo</span> 
     </span>
    </p>
   </div>
   <div class='ocr_carea' id='block_1_5' title="bbox 461 1584 1909 1659">
    <p class='ocr_par' dir='ltr' id='par_1_5' title="bbox 461 1584 1909 1659">
     <span class='ocr_line' id='line_1_22' title="bbox 461 1584 1909 1659; baseline -0.006 -23"><span class='ocrx_word' id='word_1_194' title='bbox 461 1597 556 1638; x_wconf 87' lang='lat' dir='ltr'>loco</span> <span class='ocrx_word' id='word_1_195' title='bbox 591 1594 628 1636; x_wconf 91' lang='lat' dir='ltr'>D</span> <span class='ocrx_word' id='word_1_196' title='bbox 664 1594 851 1633; x_wconf 81' lang='lat' dir='ltr'>valorem</span> <span class='ocrx_word' id='word_1_197' title='bbox 882 1615 922 1621; x_wconf 80' lang='lat'>--</span> <span class='ocrx_word' id='word_1_198' title='bbox 941 1587 1018 1659; x_wconf 43' lang='grc' dir='ltr'>ᾗῇ</span> <span class='ocrx_word' id='word_1_199' title='bbox 1039 1620 1051 1640; x_wconf 87' lang='grc'>,</span> <span class='ocrx_word' id='word_1_200' title='bbox 1084 1589 1374 1642; x_wconf 77' lang='lat' dir='ltr'>aequationem</span> <span class='ocrx_word' id='word_1_201' title='bbox 1396 1600 1449 1627; x_wconf 87' lang='lat' dir='ltr'>ex</span> <span class='ocrx_word' id='word_1_202' title='bbox 1468 1599 1549 1640; x_wconf 84' lang='lat' dir='ltr'>qua</span> <span class='ocrx_word' id='word_1_203' title='bbox 1577 1584 1656 1626; x_wconf 67' lang='lat' dir='ltr'>“ista</span> <span class='ocrx_word' id='word_1_204' title='bbox 1691 1588 1909 1640; x_wconf 70' lang='lat' dir='ltr'>incognita</span> 
     </span>
    </p>
   </div>
   <div class='ocr_carea' id='block_1_6' title="bbox 413 1655 1914 2158">
    <p class='ocr_par' dir='ltr' id='par_1_6' title="bbox 413 1655 1914 2158">
     <span class='ocr_line' id='line_1_23' title="bbox 463 1655 1910 1722; baseline -0.007 -14"><span class='ocrx_word' id='word_1_205' title='bbox 463 1670 500 1713; x_wconf 89' lang='lat' dir='ltr'>C</span> <span class='ocrx_word' id='word_1_206' title='bbox 536 1668 701 1722; x_wconf 86' lang='lat' dir='ltr'>penitus</span> <span class='ocrx_word' id='word_1_207' title='bbox 737 1664 1049 1704; x_wconf 81' lang='lat' dir='ltr'>determinatur.</span> <span class='ocrx_word' id='word_1_208' title='bbox 1095 1659 1287 1713; x_wconf 83' lang='lat' dir='ltr'>Cognitis</span> <span class='ocrx_word' id='word_1_209' title='bbox 1324 1671 1428 1699; x_wconf 87' lang='lat' dir='ltr'>vero</span> <span class='ocrx_word' id='word_1_210' title='bbox 1463 1655 1649 1707; x_wconf 88' lang='lat' dir='ltr'>CetD,</span> <span class='ocrx_word' id='word_1_211' title='bbox 1692 1658 1910 1701; x_wconf 87' lang='lat' dir='ltr'>innotescit</span> 
     </span>
     <span class='ocr_line' id='line_1_24' title="bbox 444 1720 1911 1788; baseline -0.009 -13"><span class='ocrx_word' id='word_1_212' title='bbox 444 1744 630 1788; x_wconf 49' lang='lat' dir='ltr'>*quoque</span> <span class='ocrx_word' id='word_1_213' title='bbox 665 1730 798 1783; x_wconf 84' lang='lat' dir='ltr'>ipsum</span> <span class='ocrx_word' id='word_1_214' title='bbox 834 1726 886 1768; x_wconf 90' lang='lat' dir='ltr'>G.</span> <span class='ocrx_word' id='word_1_215' title='bbox 968 1726 1120 1777; x_wconf 86' lang='lat' dir='ltr'>Neque</span> <span class='ocrx_word' id='word_1_216' title='bbox 1156 1737 1233 1777; x_wconf 89' lang='lat' dir='ltr'>pro</span> <span class='ocrx_word' id='word_1_217' title='bbox 1268 1723 1355 1763; x_wconf 82' lang='lat' dir='ltr'>aliis</span> <span class='ocrx_word' id='word_1_218' title='bbox 1394 1720 1544 1763; x_wconf 80' lang='lat' dir='ltr'>cafibus</span> <span class='ocrx_word' id='word_1_219' title='bbox 1579 1721 1735 1761; x_wconf 84' lang='lat' dir='ltr'>virium</span> <span class='ocrx_word' id='word_1_220' title='bbox 1770 1722 1819 1762; x_wconf 81' lang='lat' dir='ltr'>ad</span> <span class='ocrx_word' id='word_1_221' title='bbox 1852 1722 1911 1762; x_wconf 84' lang='lat' dir='ltr'>la-</span> 
     </span>
     <span class='ocr_line' id='line_1_25' title="bbox 465 1784 1910 1840; baseline -0.01 0"><span class='ocrx_word' id='word_1_222' title='bbox 465 1800 622 1840; x_wconf 80' lang='lat' dir='ltr'>minam</span> <span class='ocrx_word' id='word_1_223' title='bbox 660 1792 866 1832; x_wconf 77' lang='lat' dir='ltr'>elasticam</span> <span class='ocrx_word' id='word_1_224' title='bbox 907 1789 943 1829; x_wconf 82' lang='lat' dir='ltr'>A</span> <span class='ocrx_word' id='word_1_225' title='bbox 966 1788 1396 1840; x_wconf 80' lang='lat' dir='ltr'>EM.adplicatarum</span> <span class='ocrx_word' id='word_1_226' title='bbox 1430 1784 1625 1827; x_wconf 86' lang='lat' dir='ltr'>difficiliis</span> <span class='ocrx_word' id='word_1_227' title='bbox 1660 1785 1741 1826; x_wconf 88' lang='lat' dir='ltr'>erit</span> <span class='ocrx_word' id='word_1_228' title='bbox 1774 1786 1910 1827; x_wconf 86' lang='lat' dir='ltr'>deter-</span> 
     </span>
     <span class='ocr_line' id='line_1_26' title="bbox 463 1847 1911 1904; baseline -0.011 0"><span class='ocrx_word' id='word_1_229' title='bbox 463 1858 733 1904; x_wconf 79' lang='lat' dir='ltr'>minationem</span> <span class='ocrx_word' id='word_1_230' title='bbox 778 1853 1049 1895; x_wconf 76' lang='lat' dir='ltr'>constantium</span> <span class='ocrx_word' id='word_1_231' title='bbox 1094 1863 1246 1891; x_wconf 84' lang='lat' dir='ltr'>eruere.</span> <span class='ocrx_word' id='word_1_232' title='bbox 1312 1847 1456 1888; x_wconf 91' lang='lat' dir='ltr'>Tanto</span> <span class='ocrx_word' id='word_1_233' title='bbox 1491 1848 1619 1900; x_wconf 81' lang='lat' dir='ltr'>magis</span> <span class='ocrx_word' id='word_1_234' title='bbox 1652 1857 1795 1890; x_wconf 79' lang='lat' dir='ltr'>autem</span> <span class='ocrx_word' id='word_1_235' title='bbox 1831 1849 1911 1889; x_wconf 90' lang='lat' dir='ltr'>mi-</span> 
     </span>
     <span class='ocr_line' id='line_1_27' title="bbox 413 1910 1914 1974; baseline -0.008 -10"><span class='ocrx_word' id='word_1_236' title='bbox 413 1964 420 1974; x_wconf 84' lang='lat'>.</span> <span class='ocrx_word' id='word_1_237' title='bbox 463 1926 544 1967; x_wconf 82' lang='lat' dir='ltr'>rari</span> <span class='ocrx_word' id='word_1_238' title='bbox 578 1918 789 1963; x_wconf 81' lang='lat' dir='ltr'>conuenit,</span> <span class='ocrx_word' id='word_1_239' title='bbox 825 1916 1031 1956; x_wconf 74' lang='lat' dir='ltr'>lliustrem</span> <span class='ocrx_word' id='word_1_240' title='bbox 1069 1912 1309 1955; x_wconf 74' lang='lat' dir='ltr'>d’Alemhert</span> <span class='ocrx_word' id='word_1_241' title='bbox 1344 1915 1395 1952; x_wconf 54' lang='lat' dir='ltr'>in&gt;</span> <span class='ocrx_word' id='word_1_242' title='bbox 1419 1923 1465 1953; x_wconf 82' lang='lat' dir='ltr'>re</span> <span class='ocrx_word' id='word_1_243' title='bbox 1499 1911 1601 1950; x_wconf 83' lang='lat' dir='ltr'>adeo</span> <span class='ocrx_word' id='word_1_244' title='bbox 1637 1910 1755 1952; x_wconf 88' lang='lat' dir='ltr'>facile</span> <span class='ocrx_word' id='word_1_245' title='bbox 1790 1925 1812 1951; x_wconf 84' lang='lat' dir='ltr'>a</span> <span class='ocrx_word' id='word_1_246' title='bbox 1839 1923 1914 1952; x_wconf 87' lang='lat' dir='ltr'>ve-</span> 
     </span>
     <span class='ocr_line' id='line_1_28' title="bbox 465 1973 1910 2031; baseline -0.008 -3"><span class='ocrx_word' id='word_1_247' title='bbox 465 1987 595 2029; x_wconf 82' lang='lat' dir='ltr'>ritatis</span> <span class='ocrx_word' id='word_1_248' title='bbox 632 1982 799 2021; x_wconf 83' lang='lat' dir='ltr'>tramite</span> <span class='ocrx_word' id='word_1_249' title='bbox 834 1978 1060 2026; x_wconf 73' lang='lat' dir='ltr'>aberrasse,</span> <span class='ocrx_word' id='word_1_250' title='bbox 1095 1979 1204 2031; x_wconf 85' lang='lat' dir='ltr'>quod</span> <span class='ocrx_word' id='word_1_251' title='bbox 1241 1977 1374 2031; x_wconf 87' lang='lat' dir='ltr'>ipsum</span> <span class='ocrx_word' id='word_1_252' title='bbox 1412 1973 1492 2014; x_wconf 84' lang='lat' dir='ltr'>hoc</span> <span class='ocrx_word' id='word_1_253' title='bbox 1528 1984 1823 2026; x_wconf 85' lang='lat' dir='ltr'>argumentum</span> <span class='ocrx_word' id='word_1_254' title='bbox 1857 1975 1910 2016; x_wconf 82' lang='lat' dir='ltr'>de</span> 
     </span>
     <span class='ocr_line' id='line_1_29' title="bbox 450 2036 1908 2092; baseline -0.008 -1"><span class='ocrx_word' id='word_1_255' title='bbox 450 2045 815 2091; x_wconf 79' lang='lat' dir='ltr'>··detet·minatione</span> <span class='ocrx_word' id='word_1_256' title='bbox 851 2041 1126 2082; x_wconf 85' lang='lat' dir='ltr'>constantium</span> <span class='ocrx_word' id='word_1_257' title='bbox 1164 2054 1240 2092; x_wconf 89' lang='lat' dir='ltr'>pro</span> <span class='ocrx_word' id='word_1_258' title='bbox 1271 2038 1433 2080; x_wconf 78' lang='lat' dir='ltr'>laminis</span> <span class='ocrx_word' id='word_1_259' title='bbox 1467 2037 1636 2084; x_wconf 79' lang='lat' dir='ltr'>elasticis</span> <span class='ocrx_word' id='word_1_260' title='bbox 1671 2036 1723 2077; x_wconf 85' lang='lat' dir='ltr'>ab</span> <span class='ocrx_word' id='word_1_261' title='bbox 1747 2036 1908 2084; x_wconf 69' lang='lat' dir='ltr'>⁴Illustri</span> 
     </span>
     <span class='ocr_line' id='line_1_30' title="bbox 453 2099 1908 2158; baseline -0.006 -7"><span class='ocrx_word' id='word_1_262' title='bbox 453 2113 607 2154; x_wconf 80' lang='lat' dir='ltr'>-Eulero</span> <span class='ocrx_word' id='word_1_263' title='bbox 642 2109 682 2148; x_wconf 89' lang='lat' dir='ltr'>in</span> <span class='ocrx_word' id='word_1_264' title='bbox 719 2105 963 2158; x_wconf 81' lang='lat' dir='ltr'>Appendice</span> <span class='ocrx_word' id='word_1_265' title='bbox 999 2105 1046 2144; x_wconf 83' lang='lat' dir='ltr'>ad</span> <span class='ocrx_word' id='word_1_266' title='bbox 1082 2104 1302 2143; x_wconf 75' lang='lat' dir='ltr'>tratstatum</span> <span class='ocrx_word' id='word_1_267' title='bbox 1349 2103 1399 2140; x_wconf 87' lang='lat' dir='ltr'>de</span> <span class='ocrx_word' id='word_1_268' title='bbox 1434 2099 1695 2146; x_wconf 77' lang='lat' dir='ltr'>Problemate</span> <span class='ocrx_word' id='word_1_269' title='bbox 1731 2099 1908 2154; x_wconf 82' lang='lat' dir='ltr'>lsoperi-</span> 
     </span>
    </p>
   </div>
   <div class='ocr_carea' id='block_1_7' title="bbox 386 2163 1910 2221">
    <p class='ocr_par' dir='ltr' id='par_1_7' title="bbox 386 2163 1910 2221">
     <span class='ocr_line' id='line_1_31' title="bbox 386 2163 1910 2221; baseline -0.01 -2"><span class='ocrx_word' id='word_1_270' title='bbox 386 2177 390 2180; x_wconf 83' lang='grc'><strong>’</strong></span> <span class='ocrx_word' id='word_1_271' title='bbox 449 2179 643 2218; x_wconf 43' lang='lat' dir='ltr'>‘metrico</span> <span class='ocrx_word' id='word_1_272' title='bbox 678 2171 784 2212; x_wconf 81' lang='lat' dir='ltr'>adeo</span> <span class='ocrx_word' id='word_1_273' title='bbox 815 2167 1073 2210; x_wconf 70' lang='lat' dir='ltr'>dilucident</span> <span class='ocrx_word' id='word_1_274' title='bbox 1110 2166 1344 2215; x_wconf 68' lang='lat' dir='ltr'>tractatum,</span> <span class='ocrx_word' id='word_1_275' title='bbox 1380 2174 1428 2203; x_wconf 88' lang='lat' dir='ltr'>vt</span> <span class='ocrx_word' id='word_1_276' title='bbox 1464 2163 1638 2212; x_wconf 44' lang='lat' dir='ltr'>nullum,</span> <span class='ocrx_word' id='word_1_277' title='bbox 1660 2163 1823 2221; x_wconf 67' lang='lat' dir='ltr'>prorsus</span> <span class='ocrx_word' id='word_1_278' title='bbox 1845 2176 1910 2204; x_wconf 89' lang='lat' dir='ltr'>re-</span> 
     </span>
    </p>
   </div>
   <div class='ocr_carea' id='block_1_8' title="bbox 1738 2238 1910 2268">
    <p class='ocr_par' dir='ltr' id='par_1_8' title="bbox 1738 2238 1910 2268">
     <span class='ocr_line' id='line_1_32' title="bbox 1738 2238 1910 2268; baseline 0.012 -2"><span class='ocrx_word' id='word_1_279' title='bbox 1738 2238 1910 2268; x_wconf 70' lang='lat' dir='ltr'>manere</span> 
     </span>
    </p>
   </div>
  </div>
 </body>
</html>
