2041 2738
572 236 686 287 -ιέιῖξ
750 230 952 291 >-281(
1014 232 1130 289 &203⁴-

497 345 596 392 Ταὰ.
630 345 662 388 I·
698 350 770 396 36.
807 361 879 400 39.
915 358 990 399 40.
1024 358 1101 398 41.
1137 357 1211 397 42.

310 418 460 462 Tertia
511 422 635 476 paulo
685 422 810 463 latior
859 421 1027 463 fasciola
1072 421 1115 461 in
1150 421 1231 463 hoc
1267 418 1392 461 corde
1427 415 1588 471 aequali

127 483 212 526 fere
246 481 443 526 fibrarum
477 487 600 527 ductu
621 514 634 537 ‚
682 486 853 540 oblique
887 487 1030 528 versus
1069 483 1178 527 bafin
1215 482 1527 530 adscendendo‚
1564 495 1588 522 a

125 548 311 601 margine
348 551 397 591 ad
433 549 614 591 suturam
650 561 782 602 vsque
814 550 958 604 pergit.
1021 548 1092 591 Ad
1134 561 1227 590 eam
1261 549 1450 603 suprema
1483 544 1588 590 fibra

125 612 297 666 crispata
336 611 411 665 [a]
452 613 495 654 in
540 615 639 655 duas
675 613 744 654 vel
779 623 862 655 tres
895 613 1095 655 diuiditur
1127 612 1327 664 fibrillas,
1381 609 1586 652 arcuatim

122 675 166 716 in
213 676 383 717 vltimas
426 679 588 730 primae
639 675 834 716 fasciolae
877 675 998 716 fibras
1034 677 1093 716 ita
1128 676 1328 727 insertas,
1377 683 1424 714 vt
1459 672 1587 726 plane

123 740 357 782 continuari
408 741 451 780 in
504 751 570 779 eas
613 739 846 780 videantur.
928 737 1053 778 Tunc
1089 738 1216 779 fibrae
1252 739 1465 790 sequentes
1505 733 1585 787 [b]

120 802 164 846 in
199 818 287 846 eam
323 805 560 858 supremam
595 802 790 857 crispam,
825 811 948 854 atque
985 813 1200 843 curuatam
1239 801 1373 842 versus
1410 800 1584 852 apicem,

121 868 270 911 fibram
303 867 548 908 inseruntur.
628 864 797 907 Vltima
828 865 1029 906 fibrarum
1066 878 1160 919 pars
1197 863 1272 924 [c]
1312 874 1450 904 autem
1483 862 1586 902 late-

124 931 274 972 scendo
307 931 356 971 ad
395 942 561 972 crenam
595 941 723 983 vsque
760 930 970 986 peruenit,
1006 928 1048 968 in
1084 941 1264 984 eamque
1300 929 1338 971 se
1372 928 1492 969 iuxta
1526 923 1585 976 laq

127 994 282 1039 tiorem
318 995 562 1052 portionem
598 995 760 1052 primae
796 993 970 1038 fibrillae
1007 993 1165 1037 inserit.

490 1123 590 1167 Tab.
627 1125 657 1166 I.
695 1139 767 1176 39.
803 1136 878 1177 43.
914 1139 988 1177 44.
1026 1132 1099 1174 45.
1135 1127 1212 1174 46.

317 1199 477 1256 Quarta
519 1203 699 1247 difficilis
738 1207 823 1256 est,
874 1205 947 1247 nisi
983 1215 1065 1245 tres
1102 1202 1319 1258 portiones
1355 1202 1399 1244 in
1437 1212 1487 1242 ea
1523 1199 1586 1242 di-

124 1260 349 1312 stinxeris,
395 1280 571 1320 quarum
609 1271 746 1323 prima
779 1269 854 1322 [d]
892 1269 1058 1321 angusta
1093 1280 1149 1309 ex
1183 1269 1371 1320 margine
1406 1264 1585 1316 incipit,

123 1324 223 1368 inde
257 1328 400 1369 sensim
437 1331 620 1384 dispersis
656 1332 770 1374 fibris
805 1332 971 1380 latescit,
1007 1332 1205 1383 denique,
1231 1329 1412 1372 collectis
1434 1329 1584 1368 iisdem

121 1389 166 1429 in
202 1401 327 1430 vnam
364 1392 533 1446 longam
572 1393 719 1436 fibram
756 1396 857 1450 [e]‚
893 1394 969 1434 hac
1002 1392 1102 1447 ipsa,
1139 1393 1278 1433 versus
1309 1392 1469 1445 apicem
1490 1402 1589 1431 cur-

122 1462 244 1502 uata,
277 1454 318 1495 in
356 1467 527 1497 crenam
561 1459 764 1504 inseritur.
832 1457 1021 1501 Secunda
1054 1457 1195 1511 portio
1229 1457 1297 1512 [j]
1336 1456 1379 1495 in
1415 1454 1587 1507 longam

121 1513 240 1556 illam
285 1529 495 1560 curuatam
540 1521 687 1563 fibram
726 1523 894 1571 transit,
948 1521 1072 1560 tertia
1108 1520 1319 1570 angustior
1359 1517 1464 1569 [g],
1519 1517 1586 1559 sed

128 1577 266 1628 longa,
301 1580 351 1619 ad
387 1593 552 1623 crenam
589 1583 675 1637 ipsa
709 1586 920 1640 peruenit,
953 1583 996 1622 in
1033 1592 1210 1635 eamque
1246 1581 1283 1623 se
1318 1581 1478 1622 inserit.

1486 1706 1587 1749 Tab.

173 1848 250 1894 [a]
301 1847 386 1882 Tab.
415 1848 443 1884 1.
477 1860 533 1892 40,

173 1904 250 1953 [b]
303 1904 388 1938 Tab.
417 1906 446 1944 1.
473 1918 519 1950 41.

176 1966 238 2010 [s]
291 1963 378 2000 Tab‚
404 1968 418 2000 1
451 1975 501 2006 42.

175 2144 249 2193 ff]
299 2144 386 2178 Tab,
414 2147 436 2179 l.
463 2156 521 2190 44.

180 2205 246 2254 [g]
297 2202 384 2239 Tab.
412 2203 440 2237 1.
468 2214 519 2246 43.
539 2204 596 2246 46.

136 2298 236 2342 aaa
254 2296 379 2339 Acad.
398 2296 496 2352 Imp.
513 2295 583 2340 Sc.
601 2295 710 2342 Tom.
727 2296 772 2341 V.
791 2299 836 2340 P.
854 2297 906 2343 ΙΙ.
1172 2299 1218 2342 Ν
1249 2312 1277 2339 n
