2041 2738
880 227 995 279 »ἓξ
1059 221 1254 281 >³18(
1315 227 1430 275 ‘ss-:2⁴-

428 342 568 380 fertnr.
604 377 606 379 ,
637 334 974 390 Quamprimum
1017 336 1170 389 glacies
1216 336 1345 378 soluta
1388 334 1476 384 est,
1529 335 1638 389 (qua
1672 337 1779 380 lacus
1818 341 1885 382 ad-

429 403 657 454 stringente
693 411 779 440 non
816 399 992 453 respirat
1011 399 1147 442 Sorex
1182 399 1447 451 moschatus,
1481 398 1554 440 nisi
1593 398 1634 438 in
1669 411 1884 445 antrorum

427 465 600 508 suorum
636 463 776 505 altiori
809 464 955 517 parte)
1000 465 1138 506 videas
1173 465 1216 504 in
1252 463 1367 504 vadis
1403 474 1445 502 et
1478 460 1689 516 superficie
1725 463 1885 505 lacuum

431 539 474 570 et
506 529 701 568 fossarum
736 529 966 580 pigrarum,
1002 539 1099 579 quas
1134 527 1254 568 alueo
1273 527 1390 566 fluuii
1410 527 1607 579 praefert,
1640 527 1748 567 circa
1770 540 1887 569 arun-.

430 595 545 634 dines
596 590 835 644 praesertim
888 600 929 631 et
978 591 1137 633 radices
1179 590 1424 632 adstantium
1470 591 1567 645 ripis
1601 590 1888 640 arbustorum,

430 654 709 698 ambulantem
748 654 818 694 sub
851 666 969 706 aqua,
1007 664 1270 703 enatantem,
1316 655 1513 706 varioque
1552 664 1669 695 motu
1705 654 1779 695 sese
1814 666 1890 694 vo-

431 721 636 761 lutantem
658 746 670 767 ,
719 726 991 771 quaerentem
1026 718 1257 760 celerrimo
1291 717 1408 758 rostri
1446 729 1567 758 motu
1603 718 1890 769 vermiculos,

432 785 706 836 saepiusque,
762 781 1041 834 respirationis
1074 782 1234 835 gratia,
1288 781 1335 822 ad
1383 780 1642 834 superficiem
1691 794 1886 833 aquarum

431 848 671 888 enitentem.
746 843 904 887 Videas
937 845 1084 895 etiam,
1116 845 1235 887 coelo
1271 846 1427 894 sereno,
1462 845 1505 887 in
1524 843 1733 899 superficie
1756 857 1889 897 aquae

433 911 641 958 ludentes,
675 911 813 951 immo
848 911 891 951 in
925 908 1236 962 depressioribus
1273 908 1373 962 ripis
1408 909 1456 949 ad
1492 909 1618 952 solem
1647 910 1887 961 apricantes.

433 973 652 1016 Facillime
685 972 758 1012 illo
794 982 1006 1026 tempores
1042 973 1171 1021 naffis,
1206 973 1254 1013 ad
1279 973 1404 1025 pisces
1429 972 1662 1026 capiendOS,
1682 974 1722 1013 in
1743 971 1891 1025 stagnis

433 1049 475 1078 et
509 1037 676 1079 lacubus
725 1036 864 1089 positis
911 1038 1087 1090 capitur.
1157 1034 1423 1088 Copiofiores
1459 1044 1600 1078 tamen
1636 1036 1713 1077 effe
1747 1034 1890 1082 dicun-

437 1110 504 1144 tur
537 1110 757 1149 autumnO,
787 1098 906 1152 prole
939 1109 1037 1140 tunc
1069 1098 1218 1140 scilicet
1253 1098 1370 1140 omni
1406 1099 1559 1140 adulta.

623 1225 768 1281 Aquas
804 1224 893 1269 illas
929 1227 1170 1283 praesertim
1206 1235 1348 1268 amant
1367 1224 1526 1269 Sorices
1549 1223 1762 1275 moschati,
1791 1237 1891 1278 quae

434 1290 623 1343 stagnant
657 1291 727 1331 vel
754 1293 895 1344 pigrae
930 1291 1082 1341 fluunt,
1117 1303 1302 1344 quaeque
1340 1291 1461 1333 elatas
1497 1290 1653 1332 habent
1685 1290 1810 1343 ripas,
1848 1290 1892 1331 in

435 1354 584 1407 quibus
630 1354 839 1395 cuniculos
881 1353 972 1395 suos
1006 1365 1099 1407 apte
1135 1354 1274 1395 fodere
1309 1366 1491 1406 queant,
1544 1353 1786 1405 incipientes
1821 1352 1890 1393 sub

437 1427 544 1468 aqua
593 1425 632 1458 et
683 1416 853 1469 oblique
905 1417 1194 1458 adscendentes
1235 1417 1353 1469 snpra
1388 1415 1696 1457 horizontalem
1736 1415 1889 1457 lineam

436 1481 581 1528 lacus,
632 1479 770 1521 forma
805 1478 1092 1520 flexuosorum
1130 1479 1360 1526 canalium,
1411 1480 1461 1518 ad
1495 1479 1674 1529 vinginti
1709 1489 1752 1519 et
1787 1478 1890 1521 vltra

435 1545 590 1598 pedum
626 1542 930 1594 longitudinem
970 1545 1089 1594 saepe
1123 1541 1424 1587 extensurum,
1458 1542 1500 1578 iu
1539 1539 1797 1590 superficiem
1836 1553 1891 1580 ta·-

432 1618 534 1647 -men
570 1615 705 1646 terrae
742 1616 959 1656 nunquam
993 1603 1256 1658 peruiorum,
1287 1604 1329 1643 in
1349 1601 1497 1655 quibus
1527 1601 1697 1643 solitarii
1725 1602 1788 1643 vel
1808 1603 1893 1647 bini

435 1670 589 1711 viuunt
641 1677 684 1709 et
718 1666 976 1720 conglaciato
1009 1668 1133 1719 lacu,
1186 1667 1345 1709 incluso
1378 1665 1503 1713 licet,
1555 1669 1652 1706 aere
1685 1676 1894 1721 vtcunque

435 1736 642 1777 fruuntur.
708 1731 857 1784 Neque
894 1745 996 1773 vero
1033 1731 1304 1784 torpescunt,
1355 1740 1403 1771 vt
1446 1729 1600 1777 multa,
1657 1740 1712 1770 ex
1748 1732 1892 1775 ordine

438 1798 623 1851 glirium,
659 1796 701 1837 in
738 1796 939 1836 cuniculis
976 1795 1253 1846 hybernantia
1286 1793 1501 1841 animalia,
1538 1791 1604 1834 sed
1639 1794 1782 1846 potius
1820 1808 1895 1848 per

439 1869 572 1901 totam
621 1858 823 1912 hyemem
877 1860 920 1900 in
957 1858 1072 1900 nassis
1103 1869 1230 1913 ⁴atque
1266 1857 1422 1899 retibus
1457 1855 1623 1898 subinde
1660 1859 1894 1910 capiuntur.

440 1923 648 1964 Attamen
684 1924 794 1963 a‘e'ris
830 1922 1031 1964 beneficio
1063 1934 1203 1963 carere
1241 1929 1463 1972 nequeunt,
1503 1920 1680 1972 ideoque
1717 1923 1758 1962 in
1782 1923 1896 1962 nassis

442 1985 605 2027 nonnifi
639 1985 824 2025 suffocati
859 1986 1126 2039 reperiuntur
1148 2017 1159 2036 ‚
1199 1996 1379 2037 raroque
1410 1982 1498 2025 viui
1536 1984 1769 2037 capiuntur.
1835 1986 1902 2027 Id-

440 2050 554 2090 circo
577 2077 592 2102 ,
627 2058 670 2088 et
704 2047 864 2088 forsitan
899 2049 1011 2102 quod
1046 2049 1268 2091 tenerioris
1302 2047 1413 2087 vitae
1449 2047 1601 2087 animal
1634 2050 1758 2089 rudes
1794 2049 1902 2093 inter

449 2124 612 2162 manus,
650 2111 892 2165 praesertim
929 2110 982 2153 ob
1019 2113 1349 2161 mordacitatem,
1384 2110 1526 2151 durius
1548 2111 1765 2154 trae'tatum
1788 2114 1904 2156 facile

448 2185 605 2230 pereat,
643 2175 888 2228 piscatorum
922 2175 1069 2228 vulgus
1104 2177 1250 2223 asserit,
1291 2174 1437 2216 viuum
1473 2186 1556 2216 non
1589 2177 1700 2230 posse
1737 2176 1902 2227 seruari,

454 2241 521 2282 sed
557 2247 780 2280 momento
815 2239 915 2289 fere,
949 2239 1169 2294 postquam
1202 2239 1320 2292 aquis
1345 2238 1596 2290 extrahitur,
1628 2241 1738 2283 inter
1756 2253 1901 2283 manns

1743 2316 1889 2347 emori.
