2041 2738
644 245 759 297 veie
815 241 840 314 ¹>
878 245 969 311 3⁴69
999 241 1022 315 ι(
1086 245 1202 299 eze<-

175 353 510 405 demonstratum
546 356 636 412 est‚j.
670 368 753 412 non
778 354 879 398 fieri
916 357 1068 412 posse,⁴
1106 365 1158 398 vt
1195 355 1553 402 obseruationibus
1589 370 1654 404 ta-

174 419 236 460 les
272 419 394 460 insint
429 434 612 471 errores,
670 421 850 474 qualium
890 422 1098 475 inculpari
1142 422 1367 472 deberent,
1422 423 1451 465 fi
1486 420 1651 481 tempus

171 483 442 526 Periodicum
481 495 663 540 ponatur
696 486 845 527 decem
882 497 1115 537 annorum3
1151 488 1258 529 vnde
1292 486 1531 541 colligimus
1566 491 1650 535 hoc

173 558 342 610 tempus¹
368 548 633 608 Periodicum
663 550 800 604 reapse
829 552 978 599 decem
1015 550 1132 595 aunis
1167 550 1283 592 fuisse
1321 551 1479 597 minus.
1532 553 1652 610 Qua-

170 626 217 655 re
252 614 280 655 fi
313 617 588 663 concedatur,
644 616 759 667 quod
806 618 986 658 omnino
1038 615 1354 659 concedendum
1391 617 1470 660 effe
1505 621 1650 663 ,existi-

171 690 272 728 m0‚
324 676 529 720 Cometae
563 688 727 733 tempus
763 678 1029 721 Periodicum
1084 679 1189 723 infra
1223 681 1370 724 decem
1409 695 1540 725 annos
1575 685 1650 727 de-

167 743 327 799 primi,
363 743 517 785 nullam
550 741 786 796 perspicere
825 743 922 785 licet
957 744 1194 794 rationem,
1245 757 1350 798 quae
1387 759 1645 803 quemquam

167 806 543 861 inducerepoffit,
598 817 645 847 vt
679 807 820 848 credat
860 817 1025 862 tempus
1077 807 1341 853 Periodicum
1378 824 1400 851 a
1435 825 1503 853 me
1547 827 1648 869 pro-

166 870 376 928 positum,
412 871 467 913 ob
502 871 781 924 breuitatem,
817 886 898 930 pro
931 873 1109 915 absurdo
1144 873 1224 916 esse
1257 872 1515 921 habendum,

356 1005 390 1054 §.
426 1018 498 1056 23.
559 1004 603 1049 Si
639 1005 833 1058 cuiquam
883 1004 1100 1058 videatur,
1151 1017 1222 1047 me
1259 1004 1408 1048 maiori
1456 1006 1643 1050 molimi-

164 1083 243 1119 ne,
279 1083 401 1124 quam
438 1071 615 1110 omnino
653 1083 756 1124 opus
791 1079 904 1119 erat,
938 1069 1068 1110 fidem
1112 1069 1453 1113 obseruationum
1491 1087 1513 1112 a
1548 1070 1643 1118 Cei.

165 1133 323 1187 Meffier
357 1137 469 1176 circa
516 1134 629 1177 hune
664 1133 894 1178 Cometam
948 1134 1259 1183 institutarum,
1311 1135 1518 1177 adstruere
1562 1149 1643 1178 vo·

162 1199 302 1250 lause,
353 1201 509 1255 quippe
543 1195 673 1251 q'uum
729 1201 849 1241 facile
900 1197 992 1240 fieri
1027 1208 1173 1253 queat,
1225 1208 1271 1238 vt
1308 1199 1490 1254 plurima
1544 1214 1639 1254 pars

162 1263 521 1307 Astronomorum
561 1265 601 1306 in
637 1266 760 1307 huius
795 1264 1093 1318 disquisitionis
1129 1263 1485 1314 exactitudinem,
1540 1277 1640 1308 exa-

163 1330 280 1371 mine
317 1330 508 1370 instituto
545 1329 752 1381 inquirere
788 1341 941 1383 operae
993 1331 1175 1381 pretium
1229 1341 1311 1369 non
1365 1330 1511 1382 ducat3
1562 1329 1637 1383 qui

157 1392 202 1435 in
240 1393 482 1436 huiusmodi
535 1395 656 1434 fuerit
691 1394 917 1446 opinione,
978 1393 1077 1432 scire
1112 1392 1303 1440 debebit,
1360 1393 1463 1433 mihi
1513 1394 1637 1446 plane

160 1451 332 1513 ¹perinde
382 1457 486 1505 esse,
537 1457 564 1497 fi
601 1470 707 1508 quae
759 1456 850 1498 heic
904 1455 1113 1510 proposita
1167 1455 1315 1498 sunta
1353 1457 1534 1510 pluribus
1569 1457 1637 1500 vel

158 1523 302 1576 paucis
338 1522 550 1573 legantur3
603 1521 753 1560 sufficit
789 1524 900 1559 enim
940 1521 1068 1570 mihi,
1121 1523 1231 1571 quod
1268 1522 1409 1561 exacta
1456 1522 1637 1564 demon-

158 1583 360 1625 stratione
397 1584 436 1623 id
471 1580 725 1623 confirmare
761 1582 948 1631 licuerit,
1000 1584 1111 1634 quod
1164 1582 1303 1622 auimo
1342 1584 1444 1624 mihi
1479 1599 1638 1640 propo-

158 1648 282 1690 fitum
319 1658 433 1698 erat,
471 1647 671 1687 nimirum
711 1657 754 1686 vt
791 1646 1070 1695 ostenderem,
1108 1644 1253 1687 Celcb.
1292 1647 1630 1703 Astmmmum,

160 1715 234 1767 qui
269 1712 321 1754 de
358 1711 712 1753 obseruatiombus
749 1709 844 1753 Cel.
884 1710 1037 1763 Meffier
1071 1711 1242 1753 dubium
1286 1712 1388 1754 istud
1427 1716 1627 1768 protulit,

158 1789 244 1819 non
280 1776 351 1817 nisi
388 1776 504 1817 valde
540 1776 711 1817 friuolas
766 1776 878 1816 istius
934 1775 1047 1817 dubii
1102 1776 1254 1818 habere
1291 1781 1466 1831 potuisse
1499 1782 1630 1823 ratio-

157 1854 256 1891 nes,
308 1842 527 1896 ipsumque
569 1842 660 1891 sam
714 1853 798 1882 non
854 1841 958 1881 bene
1012 1841 1269 1894 perpendisse
1306 1844 1404 1895 quid
1440 1845 1628 1896 dixerat,

156 1908 258 1948 dum
294 1907 386 1948 istas
419 1900 728 1948 obseruationes
764 1906 805 1945 in
843 1905 1013 1947 dubium
1058 1906 1136 1945 else
1189 1908 1395 1949 vocandas
1445 1908 1629 1950 affirma-

157 1975 233 2013 vit.
301 1968 527 2012 Caeterum
582 1969 730 2012 Celcb.
785 1970 856 2010 iste
913 1968 1196 2011 Astronomus
1231 1972 1275 2012 in
1312 1983 1499 2014 mentem
1552 1974 1627 2016 fibi

156 2049 353 2079 reuocare
386 2035 604 2090 debuisset,
650 2035 760 2088 quod
796 2034 1034 2075 huiusmodi
1073 2034 1290 2088 proposito
1324 2037 1478 2087 dubio,
1529 2051 1626 2092 gra·

157 2113 254 2142 vem
291 2112 381 2147 non¹
412 2101 549 2154 potuit
583 2114 667 2142 non
705 2100 809 2140 mihi
845 2098 979 2142 facere
1014 2100 1225 2142 iniuriam.
1307 2101 1422 2143 Nam
1462 2105 1623 2145 etiamsi

155 2178 252 2207 mea
288 2178 416 2218 opera
452 2165 493 2204 in
531 2178 580 2206 eo
616 2176 782 2205 tantum
820 2165 1082 2212 versabatur,
1118 2177 1166 2205 vt
1203 2166 1301 2218 quid
1339 2180 1394 2206 ex
1428 2167 1625 2208 obserua-

158 2229 345 2273 tionibus
384 2226 474 2269 Cel.
509 2228 662 2282 Mefficr
698 2229 958 2282 sequeretur,
1008 2229 1168 2270 calculo
1212 2242 1431 2280 eruerem;
1484 2241 1623 2275 tamen

148 2295 297 2342 nescio
333 2307 382 2333 an
419 2305 505 2343 non
550 2294 732 2334 summae
767 2293 1005 2336 oscitantiae
1039 2293 1314 2347 inculpandus
1350 2295 1540 2349 fuissem,
1592 2296 1623 2338 fi

148 2359 253 2404 Λέῖα
269 2355 391 2402 Acad.
410 2356 508 2414 Imp.
525 2357 594 2401 Sc.
613 2358 722 2400 Tom.
741 2358 782 2400 V.
797 2360 842 2403 P.
862 2356 913 2398 11.
1159 2356 1200 2398 A
1219 2371 1241 2399 a
1260 2372 1283 2399 a
1532 2361 1625 2414 post
