2041 2738
572 222 688 284 ”Q
752 229 947 290 )2'31(
1009 234 1124 285 5:33<-

312 340 313 344 ’
374 337 545 393 ,Νεέεας
569 342 853 400 fasciculorum
881 342 957 399 per
990 343 1277 387 extremitates.

308 406 537 451 Fasciculos
572 405 734 450 'teretes
785 412 866 450 siue
901 408 1160 459 ’cylindricos
1204 409 1274 448 vbi
1317 406 1444 448 fibrae
1479 407 1570 449 col·

116 472 244 514 lediae
287 471 500 521 efficiunt,
559 472 636 513 alia
668 481 711 512 et
749 473 907 513 facilior
942 472 1103 513 obtinet
1138 473 1245 513 ratio
1279 470 1572 524 complicatio-

117 537 191 577 nis.
255 533 314 581 Ir1⁴
338 548 494 588 ramos,
528 535 772 588 plerumque
808 537 909 576 duos
946 545 1105 576 tantum
1127 536 1234 587 [a]‚
1268 535 1398 574 rarius
1430 535 1570 574 intres

117 599 186 639 vel
229 608 438 651 quatuor,
484 597 562 650 [b]
597 599 782 640 fasciculi
817 592 1058 646 finduntur,
1109 599 1179 651 qui
1215 597 1439 639 secedendo
1475 612 1496 637 a
1533 596 1571 636 se

117 672 263 704 mutuo
300 664 424 702 etiam
460 663 562 702 alios
599 660 877 713 cotnpleftere
913 661 1069 708 solent,
1114 661 1184 701 sub
1219 662 1302 712 ipsa
1339 660 1474 701 trunci
1508 660 1572 699 di·

115 726 270 766 visione
305 734 566 775 emergentes
596 724 695 774 [c].
760 722 876 762 Tum
914 723 979 762 alii
1017 724 1063 761 ad
1100 723 1199 764 alios
1234 724 1270 761 se
1305 724 1465 764 rursum
1500 736 1571 775 ap·

116 790 276 842 plicant
309 787 412 826 rami
448 787 527 840 [d]
567 798 660 825 cum
699 786 832 837 iisque
867 785 934 824 vel
970 785 1143 824 laminas
1180 784 1318 836 paffim
1356 784 1569 832 efficiunt,

115 853 187 904 [e]
223 850 284 889 seu
321 848 490 896 fascias,
535 861 639 901 quae
675 858 814 887 tamen
856 850 992 889 minus
1028 861 1151 899 quam
1189 847 1296 895 illae,
1331 848 1382 887 de
1418 847 1567 900 quibus

117 924 239 954 antea
273 911 427 951 dic'tum
464 911 546 958 est,
582 925 605 951 a
642 913 678 952 se
716 913 896 952 inuicem
934 911 1025 951 sunt
1060 911 1295 960 distinc'hae,
1331 910 1425 958 vel,
1457 911 1570 963 quod

117 975 303 1019 maxime
350 973 426 1022 fit,
479 973 599 1016 fibras
645 976 796 1015 iterum
848 974 917 1014 fiffi
957 976 1061 1014 rami
1094 976 1262 1016 demum
1301 975 1566 1028 producunt,

112 1038 183 1095 [s]
217 1039 570 1090 teretes.satisque
607 1038 750 1078 crassas
783 1047 823 1076 et
858 1037 1025 1086 firmas,
1076 1038 1290 1090 aequales,
1339 1039 1570 1078 maximam

113 1112 273 1156 partem
311 1100 544 1153 parallelas,
593 1101 798 1142 nonnullis
837 1110 971 1141 tamen
1010 1102 1050 1140 in
1088 1101 1243 1141 sedibus
1280 1100 1404 1140 etiam
1442 1101 1570 1141 disce-

115 1167 255 1208 dentes
295 1177 316 1202 a
354 1164 390 1202 se
427 1173 596 1211 mutuo,
644 1164 800 1203 furcam
838 1162 1057 1215 fingentem,
1093 1163 1270 1214 aliasque
1306 1172 1569 1216 emergentes

115 1229 224 1269 inter
258 1239 325 1266 eas
360 1225 481 1266 fibras
515 1226 774 1267 includendo.
842 1225 911 1266 Sic
947 1228 986 1267 in
1017 1226 1172 1267 sinistro
1196 1226 1446 1279 potiffimum
1470 1238 1569 1266 ven-

116 1290 266 1331 triculo
312 1289 438 1329 fibrae
489 1300 686 1330 externae
721 1291 1037 1330 counec‘tuutur.
1106 1286 1328 1340 Copiofior
1364 1288 1568 1329 ramifica-

117 1355 177 1393 tio
210 1364 251 1392 et
287 1352 547 1392 anastomofis
595 1348 726 1391 multo
771 1353 1026 1404 frequentior
1060 1352 1101 1390 in
1144 1351 1317 1389 internis
1351 1353 1567 1392 ventricu-

111 1417 247 1457 Iorum
288 1414 490 1454 fasciculis
527 1414 607 1465 est3
657 1425 696 1454 et
731 1427 781 1454 eo
816 1414 882 1454 hic
921 1426 1050 1454 nexus
1086 1413 1265 1455 efficitur
1321 1415 1565 1463 intricatior,

111 1491 207 1519 cum
244 1491 325 1518 nou
364 1479 404 1516 in
441 1477 586 1518 eodem
624 1478 774 1530 plano,
820 1479 935 1518 velut
971 1480 1010 1516 in
1047 1487 1225 1518 externo
1263 1477 1408 1527 strato,
1443 1477 1566 1518 fasci.

111 1543 206 1590 culi,
242 1542 304 1580 sed
341 1540 382 1579 in
417 1539 591 1578 diuersas
626 1551 784 1590 partes,
821 1552 860 1579 et
895 1540 1192 1582 distribuuntur
1231 1552 1272 1581 et
1307 1543 1568 1594 coniungun-

113 1615 195 1649 tur,
230 1612 278 1641 vt
314 1599 533 1640 cauernosa
572 1602 652 1639 fere
688 1602 728 1640 in
765 1603 915 1641 dextro
949 1603 1184 1642 ventriculo
1222 1605 1267 1643 ad
1310 1607 1470 1657 apicem
1497 1617 1569 1644 an-

115 1666 342 1718 gulumque
389 1673 430 1702 et
479 1664 704 1714 marginem
759 1664 1006 1713 immanem,
1060 1666 1226 1718 egregia
1263 1668 1488 1706 retiformis
1522 1669 1565 1707 in

115 1729 285 1776 sinistro,
322 1727 414 1780 ind-e
450 1727 622 1766 formata
658 1728 854 1768 struc'tura
888 1729 1046 1768 existar.
1112 1727 1160 1767 In
1199 1730 1380 1770 auricula
1416 1730 1563 1772 dextra

116 1790 330 1831 cancellati
365 1788 563 1838 fasciculi,
601 1801 654 1829 ex
692 1791 814 1830 fascia
850 1791 1007 1832 basilari
1040 1792 1136 1839 orti,
1172 1791 1270 1831 dum
1297 1792 1564 1844 adscendunt,

116 1854 268 1908 partim
308 1854 429 1892 ramis
466 1853 661 1904 vtrinque
695 1854 843 1895 emiffis
880 1858 988 1895 inter
1024 1856 1060 1896 se
1095 1857 1420 1908 connestuntur,
1465 1871 1564 1911 par-

1489 1922 1565 1961 tim

160 2046 236 2088 [a]
283 2041 367 2075 Tab.
394 2046 417 2077 Ι.
444 2043 491 2076 62.
518 2056 566 2087 7²·
594 2054 644 2089 73.

159 2090 235 2140 [ὁ]
284 2091 361 2124 Tab
397 2093 424 2125 1.
451 2094 505 2135 64.

161 2144 234 2188 [c]
285 2140 368 2174 Tab.
396 2143 418 2174 Ι.
446 2151 495 2184 73.

160 2191 239 2237 [d]
287 2189 373 2225 'l'ab.
400 2190 428 2227 Ι.
454 2201 503 2232 72.
530 2199 579 2233 83.

161 2239 230 2286 [e]
282 2238 366 2271 Tab.
393 2240 414 2271 1.
444 2245 495 2281 84.

160 2287 236 2337 [f]
285 2287 369 2322 Tab-
397 2289 417 2320 ¹-
446 2295 495 2332 85.
519 2290 575 2329 86.
