<?xml version="1.0" encoding="UTF-8"?>
<!DOCTYPE html PUBLIC "-//W3C//DTD XHTML 1.0 Transitional//EN"
    "http://www.w3.org/TR/xhtml1/DTD/xhtml1-transitional.dtd">
<html xmlns="http://www.w3.org/1999/xhtml" xml:lang="en" lang="en">
 <head>
  <title>
</title>
<meta http-equiv="Content-Type" content="text/html;charset=utf-8" />
  <meta name='ocr-system' content='tesseract 3.04.00' />
  <meta name='ocr-capabilities' content='ocr_page ocr_carea ocr_par ocr_line ocrx_word'/>
</head>
<body>
  <div class='ocr_page' id='page_1' title='image "./actaacademiae81impe_0337.png"; bbox 0 0 2041 2738; ppageno 0'>
   <div class='ocr_carea' id='block_1_1' title="bbox 581 196 1142 258">
    <p class='ocr_par' dir='ltr' id='par_1_1' title="bbox 581 196 1142 258">
     <span class='ocr_line' id='line_1_1' title="bbox 581 196 1142 258; baseline -0.004 -8"><span class='ocrx_word' id='word_1_1' title='bbox 581 199 695 251; x_wconf 54' lang='lat' dir='ltr'>”eota</span> <span class='ocrx_word' id='word_1_2' title='bbox 756 198 780 251; x_wconf 83' lang='grc'>&gt;</span> <span class='ocrx_word' id='word_1_3' title='bbox 819 211 902 258; x_wconf 72' lang='lat'>291</span> <span class='ocrx_word' id='word_1_4' title='bbox 941 196 966 252; x_wconf 77' lang='lat' dir='ltr'>c</span> <span class='ocrx_word' id='word_1_5' title='bbox 1028 197 1142 250; x_wconf 58' lang='lat' dir='ltr'>&amp;tea-</span> 
     </span>
    </p>
   </div>
   <div class='ocr_carea' id='block_1_2' title="bbox 102 310 1600 1828">
    <p class='ocr_par' dir='ltr' id='par_1_2' title="bbox 102 310 1600 1828">
     <span class='ocr_line' id='line_1_2' title="bbox 132 310 1594 367; baseline -0.002 -13"><span class='ocrx_word' id='word_1_6' title='bbox 132 310 294 354; x_wconf 77' lang='lat' dir='ltr'>fixitate</span> <span class='ocrx_word' id='word_1_7' title='bbox 342 311 542 361; x_wconf 80' lang='lat' dir='ltr'>donatae,</span> <span class='ocrx_word' id='word_1_8' title='bbox 596 311 644 351; x_wconf 81' lang='lat' dir='ltr'>ad</span> <span class='ocrx_word' id='word_1_9' title='bbox 699 321 895 366; x_wconf 87' lang='lat' dir='ltr'>vtrasque</span> <span class='ocrx_word' id='word_1_10' title='bbox 950 313 1106 367; x_wconf 83' lang='lat' dir='ltr'>pariter</span> <span class='ocrx_word' id='word_1_11' title='bbox 1142 322 1333 365; x_wconf 85' lang='lat' dir='ltr'>quoque,</span> <span class='ocrx_word' id='word_1_12' title='bbox 1385 318 1503 353; x_wconf 89' lang='lat' dir='ltr'>ortus</span> <span class='ocrx_word' id='word_1_13' title='bbox 1549 317 1594 351; x_wconf 89' lang='lat' dir='ltr'>et</span> 
     </span>
     <span class='ocr_line' id='line_1_3' title="bbox 130 376 1597 430; baseline -0.001 -13"><span class='ocrx_word' id='word_1_14' title='bbox 130 376 398 426; x_wconf 86' lang='lat' dir='ltr'><strong>insertionis,</strong></span> <span class='ocrx_word' id='word_1_15' title='bbox 435 378 567 424; x_wconf 71' lang='lat' dir='ltr'>sedes,</span> <span class='ocrx_word' id='word_1_16' title='bbox 601 377 778 429; x_wconf 83' lang='lat' dir='ltr'>proinde</span> <span class='ocrx_word' id='word_1_17' title='bbox 814 378 861 417; x_wconf 83' lang='lat' dir='ltr'>ad</span> <span class='ocrx_word' id='word_1_18' title='bbox 895 389 1070 417; x_wconf 89' lang='lat' dir='ltr'>omnem</span> <span class='ocrx_word' id='word_1_19' title='bbox 1106 377 1435 429; x_wconf 81' lang='lat' dir='ltr'>circumquaque</span> <span class='ocrx_word' id='word_1_20' title='bbox 1469 376 1597 430; x_wconf 76' lang='lat' dir='ltr'>parie-</span> 
     </span>
     <span class='ocr_line' id='line_1_4' title="bbox 102 439 1598 493; baseline 0 -13"><span class='ocrx_word' id='word_1_21' title='bbox 102 443 185 482; x_wconf 47' lang='lat' dir='ltr'>&gt;tis</span> <span class='ocrx_word' id='word_1_22' title='bbox 222 442 445 482; x_wconf 82' lang='lat' dir='ltr'>ventriculi</span> <span class='ocrx_word' id='word_1_23' title='bbox 481 439 882 486; x_wconf 74' lang='lat' dir='ltr'>circumferentiam,</span> <span class='ocrx_word' id='word_1_24' title='bbox 923 441 1217 481; x_wconf 73' lang='lat' dir='ltr'>attrahuntur.</span> <span class='ocrx_word' id='word_1_25' title='bbox 1288 440 1444 493; x_wconf 80' lang='lat' dir='ltr'>Margo</span> <span class='ocrx_word' id='word_1_26' title='bbox 1485 450 1598 481; x_wconf 89' lang='lat' dir='ltr'>ante-</span> 
     </span>
     <span class='ocr_line' id='line_1_5' title="bbox 129 505 1597 558; baseline -0.001 -13"><span class='ocrx_word' id='word_1_27' title='bbox 129 505 243 555; x_wconf 86' lang='lat' dir='ltr'>rior,</span> <span class='ocrx_word' id='word_1_28' title='bbox 273 506 382 545; x_wconf 85' lang='lat' dir='ltr'>inter</span> <span class='ocrx_word' id='word_1_29' title='bbox 419 505 554 546; x_wconf 87' lang='lat' dir='ltr'>striam</span> <span class='ocrx_word' id='word_1_30' title='bbox 595 505 696 556; x_wconf 77' lang='lat' dir='ltr'>septi</span> <span class='ocrx_word' id='word_1_31' title='bbox 733 514 774 544; x_wconf 91' lang='lat' dir='ltr'>et</span> <span class='ocrx_word' id='word_1_32' title='bbox 808 518 982 545; x_wconf 84' lang='lat' dir='ltr'>crenam·</span> <span class='ocrx_word' id='word_1_33' title='bbox 1027 505 1202 553; x_wconf 76' lang='lat' dir='ltr'>medius,</span> <span class='ocrx_word' id='word_1_34' title='bbox 1256 513 1299 544; x_wconf 88' lang='lat' dir='ltr'>et</span> <span class='ocrx_word' id='word_1_35' title='bbox 1339 506 1387 545; x_wconf 82' lang='lat' dir='ltr'>ab</span> <span class='ocrx_word' id='word_1_36' title='bbox 1424 515 1597 558; x_wconf 73' lang='lat' dir='ltr'>viraque</span> 
     </span>
     <span class='ocr_line' id='line_1_6' title="bbox 128 568 1598 621; baseline 0.001 -14"><span class='ocrx_word' id='word_1_37' title='bbox 128 569 239 608; x_wconf 87' lang='lat' dir='ltr'>inter</span> <span class='ocrx_word' id='word_1_38' title='bbox 272 579 454 611; x_wconf 81' lang='lat' dir='ltr'>caeteras</span> <span class='ocrx_word' id='word_1_39' title='bbox 505 570 674 621; x_wconf 86' lang='lat' dir='ltr'>parietis</span> <span class='ocrx_word' id='word_1_40' title='bbox 710 578 846 619; x_wconf 79' lang='lat' dir='ltr'>partes</span> <span class='ocrx_word' id='word_1_41' title='bbox 883 568 1205 617; x_wconf 80' lang='lat' dir='ltr'>remotiffimus,</span> <span class='ocrx_word' id='word_1_42' title='bbox 1260 568 1513 608; x_wconf 79' lang='lat' dir='ltr'>ventralibus</span> <span class='ocrx_word' id='word_1_43' title='bbox 1549 568 1598 609; x_wconf 86' lang='lat' dir='ltr'>fi-</span> 
     </span>
     <span class='ocr_line' id='line_1_7' title="bbox 127 630 1600 688; baseline 0.003 -17"><span class='ocrx_word' id='word_1_44' title='bbox 127 630 236 680; x_wconf 83' lang='lat' dir='ltr'>bris,</span> <span class='ocrx_word' id='word_1_45' title='bbox 291 646 371 686; x_wconf 79' lang='lat' dir='ltr'>qua</span> <span class='ocrx_word' id='word_1_46' title='bbox 405 641 522 687; x_wconf 84' lang='lat' dir='ltr'>parte</span> <span class='ocrx_word' id='word_1_47' title='bbox 575 631 835 684; x_wconf 84' lang='lat' dir='ltr'>superficiem</span> <span class='ocrx_word' id='word_1_48' title='bbox 889 631 1020 672; x_wconf 84' lang='lat' dir='ltr'>cordis</span> <span class='ocrx_word' id='word_1_49' title='bbox 1073 633 1600 688; x_wconf 57' lang='lat' dir='ltr'>inferiorem-occupant,</span> 
     </span>
     <span class='ocr_line' id='line_1_8' title="bbox 126 694 1596 749; baseline 0.003 -14"><span class='ocrx_word' id='word_1_50' title='bbox 126 698 235 736; x_wconf 86' lang='lat' dir='ltr'>ortis</span> <span class='ocrx_word' id='word_1_51' title='bbox 270 709 293 736; x_wconf 83' lang='lat' dir='ltr'>a</span> <span class='ocrx_word' id='word_1_52' title='bbox 326 697 420 737; x_wconf 81' lang='lat' dir='ltr'>stria</span> <span class='ocrx_word' id='word_1_53' title='bbox 455 694 587 747; x_wconf 80' lang='lat' dir='ltr'>septi,</span> <span class='ocrx_word' id='word_1_54' title='bbox 640 696 689 734; x_wconf 88' lang='lat' dir='ltr'>ad</span> <span class='ocrx_word' id='word_1_55' title='bbox 728 694 892 742; x_wconf 82' lang='lat' dir='ltr'>striam,</span> <span class='ocrx_word' id='word_1_56' title='bbox 937 708 1015 747; x_wconf 89' lang='lat' dir='ltr'>qua</span> <span class='ocrx_word' id='word_1_57' title='bbox 1052 696 1146 735; x_wconf 86' lang='lat' dir='ltr'>fitae</span> <span class='ocrx_word' id='word_1_58' title='bbox 1178 697 1217 736; x_wconf 88' lang='lat' dir='ltr'>in</span> <span class='ocrx_word' id='word_1_59' title='bbox 1256 697 1455 749; x_wconf 82' lang='lat' dir='ltr'>superiori</span> <span class='ocrx_word' id='word_1_60' title='bbox 1491 699 1596 740; x_wconf 80' lang='lat' dir='ltr'>facie</span> 
     </span>
     <span class='ocr_line' id='line_1_9' title="bbox 126 758 1594 812; baseline 0.001 -12"><span class='ocrx_word' id='word_1_61' title='bbox 126 759 171 800; x_wconf 61' lang='lat' dir='ltr'>in*</span> <span class='ocrx_word' id='word_1_62' title='bbox 203 771 369 800; x_wconf 86' lang='lat' dir='ltr'>crenam</span> <span class='ocrx_word' id='word_1_63' title='bbox 407 759 443 799; x_wconf 88' lang='lat' dir='ltr'>se</span> <span class='ocrx_word' id='word_1_64' title='bbox 479 758 689 811; x_wconf 82' lang='lat' dir='ltr'>inserunt,</span> <span class='ocrx_word' id='word_1_65' title='bbox 726 760 773 799; x_wconf 87' lang='lat' dir='ltr'>ad</span> <span class='ocrx_word' id='word_1_66' title='bbox 810 770 977 798; x_wconf 75' lang='lat' dir='ltr'>crenam</span> <span class='ocrx_word' id='word_1_67' title='bbox 1017 758 1162 807; x_wconf 85' lang='lat' dir='ltr'>simul,</span> <span class='ocrx_word' id='word_1_68' title='bbox 1215 759 1386 811; x_wconf 85' lang='lat' dir='ltr'>eiusque</span> <span class='ocrx_word' id='word_1_69' title='bbox 1429 772 1594 812; x_wconf 88' lang='lat' dir='ltr'>partem</span> 
     </span>
     <span class='ocr_line' id='line_1_10' title="bbox 125 822 1595 876; baseline 0.002 -13"><span class='ocrx_word' id='word_1_70' title='bbox 125 824 232 876; x_wconf 85' lang='lat' dir='ltr'>apici</span> <span class='ocrx_word' id='word_1_71' title='bbox 266 823 535 876; x_wconf 85' lang='lat' dir='ltr'>propiorem,</span> <span class='ocrx_word' id='word_1_72' title='bbox 580 822 767 863; x_wconf 84' lang='lat' dir='ltr'>trahitur.</span> <span class='ocrx_word' id='word_1_73' title='bbox 838 823 996 875; x_wconf 84' lang='lat' dir='ltr'>Margo</span> <span class='ocrx_word' id='word_1_74' title='bbox 1032 822 1233 870; x_wconf 84' lang='lat' dir='ltr'>bafilaris,</span> <span class='ocrx_word' id='word_1_75' title='bbox 1286 824 1447 864; x_wconf 75' lang='lat' dir='ltr'>medius</span> <span class='ocrx_word' id='word_1_76' title='bbox 1485 826 1595 867; x_wconf 83' lang='lat' dir='ltr'>inter</span> 
     </span>
     <span class='ocr_line' id='line_1_11' title="bbox 123 886 1594 942; baseline 0.002 -16"><span class='ocrx_word' id='word_1_77' title='bbox 123 886 236 929; x_wconf 88' lang='lat' dir='ltr'>filum</span> <span class='ocrx_word' id='word_1_78' title='bbox 277 886 609 938; x_wconf 48' lang='lat' dir='ltr'>,cartilagineum</span> <span class='ocrx_word' id='word_1_79' title='bbox 663 886 868 935; x_wconf 83' lang='lat' dir='ltr'>anterius,</span> <span class='ocrx_word' id='word_1_80' title='bbox 918 899 961 928; x_wconf 90' lang='lat' dir='ltr'>et</span> <span class='ocrx_word' id='word_1_81' title='bbox 995 898 1156 940; x_wconf 85' lang='lat' dir='ltr'>partem</span> <span class='ocrx_word' id='word_1_82' title='bbox 1212 900 1360 929; x_wconf 73' lang='lat' dir='ltr'>crenae</span> <span class='ocrx_word' id='word_1_83' title='bbox 1410 889 1594 942; x_wconf 86' lang='lat' dir='ltr'>superio-</span> 
     </span>
     <span class='ocr_line' id='line_1_12' title="bbox 120 948 1596 1005; baseline 0.003 -15"><span class='ocrx_word' id='word_1_84' title='bbox 120 963 236 999; x_wconf 87' lang='lat' dir='ltr'>rem,</span> <span class='ocrx_word' id='word_1_85' title='bbox 271 949 406 991; x_wconf 70' lang='lat' dir='ltr'>fasciae</span> <span class='ocrx_word' id='word_1_86' title='bbox 442 949 690 991; x_wconf 78' lang='lat' dir='ltr'>infundibuii</span> <span class='ocrx_word' id='word_1_87' title='bbox 725 948 864 998; x_wconf 87' lang='lat' dir='ltr'>fibris,</span> <span class='ocrx_word' id='word_1_88' title='bbox 903 962 988 1001; x_wconf 86' lang='lat' dir='ltr'>quo</span> <span class='ocrx_word' id='word_1_89' title='bbox 1024 963 1148 1003; x_wconf 82' lang='lat' dir='ltr'>vsque</span> <span class='ocrx_word' id='word_1_90' title='bbox 1184 953 1225 992; x_wconf 87' lang='lat' dir='ltr'>in</span> <span class='ocrx_word' id='word_1_91' title='bbox 1264 951 1421 994; x_wconf 73' lang='lat' dir='ltr'>basilari</span> <span class='ocrx_word' id='word_1_92' title='bbox 1456 957 1596 1005; x_wconf 76' lang='lat' dir='ltr'>regio-</span> 
     </span>
     <span class='ocr_line' id='line_1_13' title="bbox 119 1013 1593 1070; baseline 0.002 -15"><span class='ocrx_word' id='word_1_93' title='bbox 119 1027 171 1055; x_wconf 89' lang='lat' dir='ltr'>ne</span> <span class='ocrx_word' id='word_1_94' title='bbox 205 1014 300 1054; x_wconf 84' lang='lat' dir='ltr'>fitae</span> <span class='ocrx_word' id='word_1_95' title='bbox 336 1013 452 1062; x_wconf 88' lang='lat' dir='ltr'>sunt,</span> <span class='ocrx_word' id='word_1_96' title='bbox 489 1015 592 1054; x_wconf 80' lang='lat' dir='ltr'>ortis</span> <span class='ocrx_word' id='word_1_97' title='bbox 629 1028 651 1053; x_wconf 83' lang='lat' dir='ltr'>a</span> <span class='ocrx_word' id='word_1_98' title='bbox 684 1013 779 1062; x_wconf 79' lang='lat' dir='ltr'>fiio,</span> <span class='ocrx_word' id='word_1_99' title='bbox 815 1016 862 1055; x_wconf 82' lang='lat' dir='ltr'>ad</span> <span class='ocrx_word' id='word_1_100' title='bbox 899 1013 1020 1056; x_wconf 79' lang='lat' dir='ltr'>filum</span> <span class='ocrx_word' id='word_1_101' title='bbox 1058 1017 1312 1065; x_wconf 85' lang='lat' dir='ltr'>retrorsum,</span> <span class='ocrx_word' id='word_1_102' title='bbox 1361 1029 1440 1070; x_wconf 80' lang='lat' dir='ltr'>qua</span> <span class='ocrx_word' id='word_1_103' title='bbox 1481 1030 1593 1070; x_wconf 78' lang='lat' dir='ltr'>parte</span> 
     </span>
     <span class='ocr_line' id='line_1_14' title="bbox 120 1075 1590 1132; baseline 0.003 -14"><span class='ocrx_word' id='word_1_104' title='bbox 120 1089 359 1118; x_wconf 75' lang='lat' dir='ltr'>connexam</span> <span class='ocrx_word' id='word_1_105' title='bbox 394 1078 537 1125; x_wconf 44' lang='lat' dir='ltr'>cordis,</span> <span class='ocrx_word' id='word_1_106' title='bbox 567 1075 820 1129; x_wconf 70' lang='lat' dir='ltr'>superficiem</span> <span class='ocrx_word' id='word_1_107' title='bbox 856 1088 1082 1131; x_wconf 88' lang='lat' dir='ltr'>occupant,</span> <span class='ocrx_word' id='word_1_108' title='bbox 1120 1080 1162 1117; x_wconf 86' lang='lat' dir='ltr'>in</span> <span class='ocrx_word' id='word_1_109' title='bbox 1200 1093 1365 1121; x_wconf 80' lang='lat' dir='ltr'>crenam</span> <span class='ocrx_word' id='word_1_110' title='bbox 1402 1082 1590 1132; x_wconf 64' lang='lat' dir='ltr'>infirme,</span> 
     </span>
     <span class='ocr_line' id='line_1_15' title="bbox 120 1141 1590 1195; baseline 0.004 -15"><span class='ocrx_word' id='word_1_111' title='bbox 120 1142 359 1181; x_wconf 67' lang='lat' dir='ltr'>anti-orsum</span> <span class='ocrx_word' id='word_1_112' title='bbox 412 1141 547 1180; x_wconf 88' lang='lat' dir='ltr'>versus</span> <span class='ocrx_word' id='word_1_113' title='bbox 601 1152 766 1180; x_wconf 87' lang='lat' dir='ltr'>crenam</span> <span class='ocrx_word' id='word_1_114' title='bbox 807 1152 1013 1182; x_wconf 86' lang='lat' dir='ltr'>mouetur.</span> <span class='ocrx_word' id='word_1_115' title='bbox 1082 1142 1287 1195; x_wconf 83' lang='lat' dir='ltr'>Angulus,</span> <span class='ocrx_word' id='word_1_116' title='bbox 1326 1145 1434 1184; x_wconf 83' lang='lat' dir='ltr'>inter</span> <span class='ocrx_word' id='word_1_117' title='bbox 1468 1144 1590 1186; x_wconf 84' lang='lat' dir='ltr'>filum</span> 
     </span>
     <span class='ocr_line' id='line_1_16' title="bbox 122 1203 1588 1260; baseline 0.003 -16"><span class='ocrx_word' id='word_1_118' title='bbox 122 1203 435 1257; x_wconf 76' lang='lat' dir='ltr'>cartilagineum</span> <span class='ocrx_word' id='word_1_119' title='bbox 492 1204 695 1257; x_wconf 78' lang='lat' dir='ltr'>posterius</span> <span class='ocrx_word' id='word_1_120' title='bbox 731 1214 774 1243; x_wconf 91' lang='lat' dir='ltr'>et</span> <span class='ocrx_word' id='word_1_121' title='bbox 810 1206 990 1246; x_wconf 85' lang='lat' dir='ltr'>mediam</span> <span class='ocrx_word' id='word_1_122' title='bbox 1029 1217 1186 1258; x_wconf 81' lang='lat' dir='ltr'>partem</span> <span class='ocrx_word' id='word_1_123' title='bbox 1234 1220 1380 1247; x_wconf 82' lang='lat' dir='ltr'>crenae</span> <span class='ocrx_word' id='word_1_124' title='bbox 1416 1208 1588 1260; x_wconf 68' lang='lat' dir='ltr'>obliquo</span> 
     </span>
     <span class='ocr_line' id='line_1_17' title="bbox 117 1267 1590 1320; baseline 0.004 -13"><span class='ocrx_word' id='word_1_125' title='bbox 117 1268 244 1308; x_wconf 62' lang='lat' dir='ltr'>ductu</span> <span class='ocrx_word' id='word_1_126' title='bbox 283 1268 399 1317; x_wconf 65' lang='lat' dir='ltr'>situs,</span> <span class='ocrx_word' id='word_1_127' title='bbox 435 1267 484 1306; x_wconf 83' lang='lat' dir='ltr'>ab</span> <span class='ocrx_word' id='word_1_128' title='bbox 520 1278 697 1319; x_wconf 88' lang='lat' dir='ltr'>vtroque</span> <span class='ocrx_word' id='word_1_129' title='bbox 732 1270 883 1320; x_wconf 84' lang='lat' dir='ltr'>pariter</span> <span class='ocrx_word' id='word_1_130' title='bbox 918 1280 1131 1317; x_wconf 85' lang='lat' dir='ltr'>remotus,</span> <span class='ocrx_word' id='word_1_131' title='bbox 1186 1273 1326 1311; x_wconf 79' lang='lat' dir='ltr'>versus</span> <span class='ocrx_word' id='word_1_132' title='bbox 1363 1271 1477 1313; x_wconf 80' lang='lat' dir='ltr'>fuum</span> <span class='ocrx_word' id='word_1_133' title='bbox 1514 1275 1590 1313; x_wconf 89' lang='lat' dir='ltr'>ob·</span> 
     </span>
     <span class='ocr_line' id='line_1_18' title="bbox 116 1330 1590 1384; baseline 0.003 -13"><span class='ocrx_word' id='word_1_134' title='bbox 116 1331 229 1384; x_wconf 89' lang='lat' dir='ltr'>lique</span> <span class='ocrx_word' id='word_1_135' title='bbox 268 1330 491 1372; x_wconf 86' lang='lat' dir='ltr'>retrorsum</span> <span class='ocrx_word' id='word_1_136' title='bbox 530 1341 647 1383; x_wconf 89' lang='lat' dir='ltr'>parte</span> <span class='ocrx_word' id='word_1_137' title='bbox 700 1332 965 1382; x_wconf 76' lang='lat' dir='ltr'>angularium</span> <span class='ocrx_word' id='word_1_138' title='bbox 1002 1332 1199 1377; x_wconf 84' lang='lat' dir='ltr'>fibrarum</span> <span class='ocrx_word' id='word_1_139' title='bbox 1238 1335 1465 1384; x_wconf 82' lang='lat' dir='ltr'>inferiore,</span> <span class='ocrx_word' id='word_1_140' title='bbox 1525 1339 1590 1377; x_wconf 85' lang='lat' dir='ltr'>su-</span> 
     </span>
     <span class='ocr_line' id='line_1_19' title="bbox 113 1393 1587 1449; baseline 0.003 -14"><span class='ocrx_word' id='word_1_141' title='bbox 113 1395 282 1448; x_wconf 86' lang='lat' dir='ltr'>periore</span> <span class='ocrx_word' id='word_1_142' title='bbox 327 1393 464 1434; x_wconf 80' lang='lat' dir='ltr'>versus</span> <span class='ocrx_word' id='word_1_143' title='bbox 504 1406 673 1433; x_wconf 84' lang='lat' dir='ltr'>crenam</span> <span class='ocrx_word' id='word_1_144' title='bbox 730 1394 976 1435; x_wconf 70' lang='lat' dir='ltr'>antrorsum&#39;</span> <span class='ocrx_word' id='word_1_145' title='bbox 1016 1396 1207 1449; x_wconf 83' lang='lat' dir='ltr'>oblique,</span> <span class='ocrx_word' id='word_1_146' title='bbox 1262 1397 1452 1440; x_wconf 82' lang='lat' dir='ltr'>trahitur.</span> <span class='ocrx_word' id='word_1_147' title='bbox 1522 1399 1587 1442; x_wconf 92' lang='lat' dir='ltr'>Vt</span> 
     </span>
     <span class='ocr_line' id='line_1_20' title="bbox 113 1457 1584 1516; baseline 0.005 -18"><span class='ocrx_word' id='word_1_148' title='bbox 113 1457 292 1510; x_wconf 84' lang='lat' dir='ltr'>fingulae</span> <span class='ocrx_word' id='word_1_149' title='bbox 341 1470 443 1509; x_wconf 82' lang='lat' dir='ltr'>ergo</span> <span class='ocrx_word' id='word_1_150' title='bbox 495 1458 639 1497; x_wconf 83' lang='lat' dir='ltr'>fasciae</span> <span class='ocrx_word' id='word_1_151' title='bbox 672 1458 760 1499; x_wconf 69' lang='lat' dir='ltr'>illae</span> <span class='ocrx_word' id='word_1_152' title='bbox 804 1459 1096 1513; x_wconf 76' lang='lat' dir='ltr'>fasciolaeque,</span> <span class='ocrx_word' id='word_1_153' title='bbox 1146 1475 1169 1501; x_wconf 82' lang='lat' dir='ltr'>a</span> <span class='ocrx_word' id='word_1_154' title='bbox 1202 1462 1275 1503; x_wconf 75' lang='lat' dir='ltr'>filis</span> <span class='ocrx_word' id='word_1_155' title='bbox 1309 1463 1584 1516; x_wconf 79' lang='lat' dir='ltr'>cartilagineis</span> 
     </span>
     <span class='ocr_line' id='line_1_21' title="bbox 113 1520 1584 1577; baseline 0.006 -17"><span class='ocrx_word' id='word_1_156' title='bbox 113 1532 153 1561; x_wconf 90' lang='lat' dir='ltr'>et</span> <span class='ocrx_word' id='word_1_157' title='bbox 190 1522 279 1560; x_wconf 83' lang='lat' dir='ltr'>stria</span> <span class='ocrx_word' id='word_1_158' title='bbox 315 1520 412 1571; x_wconf 84' lang='lat' dir='ltr'>septi</span> <span class='ocrx_word' id='word_1_159' title='bbox 447 1530 560 1560; x_wconf 77' lang='lat' dir='ltr'>ortae</span> <span class='ocrx_word' id='word_1_160' title='bbox 596 1520 637 1557; x_wconf 90' lang='lat' dir='ltr'>in</span> <span class='ocrx_word' id='word_1_161' title='bbox 675 1533 836 1560; x_wconf 78' lang='lat' dir='ltr'>crenam</span> <span class='ocrx_word' id='word_1_162' title='bbox 892 1523 1083 1574; x_wconf 79' lang='lat' dir='ltr'>insertae,</span> <span class='ocrx_word' id='word_1_163' title='bbox 1137 1534 1333 1577; x_wconf 83' lang='lat' dir='ltr'>tanquam</span> <span class='ocrx_word' id='word_1_164' title='bbox 1366 1528 1452 1566; x_wconf 80' lang='lat' dir='ltr'>du&#39;o</span> <span class='ocrx_word' id='word_1_165' title='bbox 1490 1542 1584 1569; x_wconf 83' lang='lat' dir='ltr'>mu-</span> 
     </span>
     <span class='ocr_line' id='line_1_22' title="bbox 113 1582 1584 1633; baseline 0.005 -9"><span class='ocrx_word' id='word_1_166' title='bbox 113 1583 216 1624; x_wconf 82' lang='lat' dir='ltr'>sculi</span> <span class='ocrx_word' id='word_1_167' title='bbox 249 1582 327 1622; x_wconf 86' lang='lat' dir='ltr'>fint</span> <span class='ocrx_word' id='word_1_168' title='bbox 360 1582 703 1628; x_wconf 75' lang='lat' dir='ltr'>considerandae,</span> <span class='ocrx_word' id='word_1_169' title='bbox 739 1595 921 1633; x_wconf 86' lang='lat' dir='ltr'>quorum</span> <span class='ocrx_word' id='word_1_170' title='bbox 960 1585 1067 1624; x_wconf 90' lang='lat' dir='ltr'>alter</span> <span class='ocrx_word' id='word_1_171' title='bbox 1105 1586 1174 1626; x_wconf 86' lang='lat' dir='ltr'>vel</span> <span class='ocrx_word' id='word_1_172' title='bbox 1209 1588 1258 1627; x_wconf 85' lang='lat' dir='ltr'>ab</span> <span class='ocrx_word' id='word_1_173' title='bbox 1294 1587 1495 1631; x_wconf 85' lang='lat' dir='ltr'>alterutro</span> <span class='ocrx_word' id='word_1_174' title='bbox 1532 1591 1584 1631; x_wconf 86' lang='lat' dir='ltr'>fi-</span> 
     </span>
     <span class='ocr_line' id='line_1_23' title="bbox 117 1645 1579 1705; baseline 0.003 -18"><span class='ocrx_word' id='word_1_175' title='bbox 117 1648 259 1690; x_wconf 88' lang='lat' dir='ltr'>lorum</span> <span class='ocrx_word' id='word_1_176' title='bbox 299 1646 688 1698; x_wconf 83' lang='lat' dir='ltr'>cartilagineorum,</span> <span class='ocrx_word' id='word_1_177' title='bbox 724 1645 792 1685; x_wconf 91' lang='lat' dir='ltr'>vel</span> <span class='ocrx_word' id='word_1_178' title='bbox 829 1660 850 1685; x_wconf 82' lang='lat' dir='ltr'>a</span> <span class='ocrx_word' id='word_1_179' title='bbox 885 1647 1000 1697; x_wconf 80' lang='lat' dir='ltr'>stria,</span> <span class='ocrx_word' id='word_1_180' title='bbox 1037 1648 1141 1690; x_wconf 83' lang='lat' dir='ltr'>alter</span> <span class='ocrx_word' id='word_1_181' title='bbox 1178 1664 1200 1691; x_wconf 79' lang='lat' dir='ltr'>a</span> <span class='ocrx_word' id='word_1_182' title='bbox 1233 1663 1357 1691; x_wconf 87' lang='lat' dir='ltr'>crena</span> <span class='ocrx_word' id='word_1_183' title='bbox 1394 1654 1579 1705; x_wconf 71' lang='lat' dir='ltr'>oriatur,</span> 
     </span>
     <span class='ocr_line' id='line_1_24' title="bbox 113 1709 1579 1770; baseline 0.003 -18"><span class='ocrx_word' id='word_1_184' title='bbox 113 1722 289 1762; x_wconf 80' lang='lat' dir='ltr'>vterque</span> <span class='ocrx_word' id='word_1_185' title='bbox 325 1709 391 1750; x_wconf 85' lang='lat' dir='ltr'>vel</span> <span class='ocrx_word' id='word_1_186' title='bbox 426 1710 467 1749; x_wconf 90' lang='lat' dir='ltr'>in</span> <span class='ocrx_word' id='word_1_187' title='bbox 507 1710 736 1761; x_wconf 82' lang='lat' dir='ltr'>marginem</span> <span class='ocrx_word' id='word_1_188' title='bbox 792 1711 1070 1764; x_wconf 80' lang='lat' dir='ltr'>anteriorem,</span> <span class='ocrx_word' id='word_1_189' title='bbox 1123 1714 1192 1755; x_wconf 84' lang='lat' dir='ltr'>vel</span> <span class='ocrx_word' id='word_1_190' title='bbox 1234 1714 1457 1770; x_wconf 80' lang='lat' dir='ltr'>anguium,</span> <span class='ocrx_word' id='word_1_191' title='bbox 1510 1722 1579 1761; x_wconf 75' lang='lat' dir='ltr'>vel</span> 
     </span>
     <span class='ocr_line' id='line_1_25' title="bbox 112 1772 945 1828; baseline -0.002 -10"><span class='ocrx_word' id='word_1_192' title='bbox 112 1777 156 1818; x_wconf 86' lang='lat' dir='ltr'>in</span> <span class='ocrx_word' id='word_1_193' title='bbox 192 1773 405 1816; x_wconf 86' lang='lat' dir='ltr'>bafilarem</span> <span class='ocrx_word' id='word_1_194' title='bbox 442 1774 696 1828; x_wconf 76' lang='lat' dir='ltr'>marginem,</span> <span class='ocrx_word' id='word_1_195' title='bbox 731 1772 945 1816; x_wconf 82' lang='lat' dir='ltr'>inseratur.</span> 
     </span>
    </p>
   </div>
   <div class='ocr_carea' id='block_1_3' title="bbox 219 1914 1465 1969">
    <p class='ocr_par' dir='ltr' id='par_1_3' title="bbox 219 1914 1465 1969">
     <span class='ocr_line' id='line_1_26' title="bbox 219 1914 1465 1969; baseline 0.005 -11"><span class='ocrx_word' id='word_1_196' title='bbox 219 1914 433 1969; x_wconf 61' lang='lat' dir='ltr'>Marginis</span> <span class='ocrx_word' id='word_1_197' title='bbox 454 1916 668 1960; x_wconf 81' lang='lat' dir='ltr'>anterioris</span> <span class='ocrx_word' id='word_1_198' title='bbox 703 1917 744 1959; x_wconf 82' lang='lat' dir='ltr'>in</span> <span class='ocrx_word' id='word_1_199' title='bbox 779 1919 1046 1961; x_wconf 64' lang='lat' dir='ltr'>contr-afflone</span> <span class='ocrx_word' id='word_1_200' title='bbox 1079 1921 1294 1964; x_wconf 66' lang='lat' dir='ltr'>ventriculi</span> <span class='ocrx_word' id='word_1_201' title='bbox 1323 1933 1465 1964; x_wconf 79' lang='lat' dir='ltr'>motus.</span> 
     </span>
    </p>
   </div>
   <div class='ocr_carea' id='block_1_4' title="bbox 107 2010 1580 2319">
    <p class='ocr_par' dir='ltr' id='par_1_4' title="bbox 107 2010 1574 2267">
     <span class='ocr_line' id='line_1_27' title="bbox 299 2010 1574 2067; baseline 0.009 -16"><span class='ocrx_word' id='word_1_202' title='bbox 299 2010 415 2051; x_wconf 90' lang='lat' dir='ltr'>Dum</span> <span class='ocrx_word' id='word_1_203' title='bbox 453 2025 595 2067; x_wconf 87' lang='lat' dir='ltr'>margo</span> <span class='ocrx_word' id='word_1_204' title='bbox 629 2026 733 2054; x_wconf 88' lang='lat' dir='ltr'>vero</span> <span class='ocrx_word' id='word_1_205' title='bbox 770 2015 955 2056; x_wconf 85' lang='lat' dir='ltr'>anterior</span> <span class='ocrx_word' id='word_1_206' title='bbox 976 2016 1022 2056; x_wconf 83' lang='lat' dir='ltr'>ad</span> <span class='ocrx_word' id='word_1_207' title='bbox 1050 2029 1216 2058; x_wconf 82' lang='lat' dir='ltr'>crenam</span> <span class='ocrx_word' id='word_1_208' title='bbox 1253 2016 1372 2059; x_wconf 83' lang='lat' dir='ltr'>fimul</span> <span class='ocrx_word' id='word_1_209' title='bbox 1408 2029 1449 2059; x_wconf 90' lang='lat' dir='ltr'>et</span> <span class='ocrx_word' id='word_1_210' title='bbox 1485 2022 1574 2063; x_wconf 60' lang='lat' dir='ltr'>stri«</span> 
     </span>
     <span class='ocr_line' id='line_1_28' title="bbox 108 2074 1571 2137; baseline 0.005 -20"><span class='ocrx_word' id='word_1_211' title='bbox 108 2088 175 2117; x_wconf 82' lang='lat' dir='ltr'>am</span> <span class='ocrx_word' id='word_1_212' title='bbox 214 2075 312 2129; x_wconf 87' lang='lat' dir='ltr'>septi</span> <span class='ocrx_word' id='word_1_213' title='bbox 349 2074 546 2129; x_wconf 55' lang='lat' dir='ltr'>trahitur,</span> <span class='ocrx_word' id='word_1_214' title='bbox 581 2091 712 2131; x_wconf 86' lang='lat' dir='ltr'>neque</span> <span class='ocrx_word' id='word_1_215' title='bbox 748 2081 796 2120; x_wconf 87' lang='lat' dir='ltr'>ad</span> <span class='ocrx_word' id='word_1_216' title='bbox 833 2079 938 2120; x_wconf 78' lang='lat' dir='ltr'>hanc</span> <span class='ocrx_word' id='word_1_217' title='bbox 975 2080 1138 2132; x_wconf 85' lang='lat' dir='ltr'>prorsus</span> <span class='ocrx_word' id='word_1_218' title='bbox 1177 2094 1311 2134; x_wconf 89' lang='lat' dir='ltr'>neque</span> <span class='ocrx_word' id='word_1_219' title='bbox 1347 2084 1394 2123; x_wconf 87' lang='lat' dir='ltr'>ad</span> <span class='ocrx_word' id='word_1_220' title='bbox 1434 2084 1571 2137; x_wconf 74' lang='lat' dir='ltr'>illam,</span> 
     </span>
     <span class='ocr_line' id='line_1_29' title="bbox 107 2139 1572 2206; baseline 0.007 -26"><span class='ocrx_word' id='word_1_221' title='bbox 107 2140 175 2180; x_wconf 90' lang='lat' dir='ltr'>sed</span> <span class='ocrx_word' id='word_1_222' title='bbox 210 2140 256 2180; x_wconf 77' lang='lat' dir='ltr'>ad</span> <span class='ocrx_word' id='word_1_223' title='bbox 294 2139 479 2179; x_wconf 89' lang='lat' dir='ltr'>medium</span> <span class='ocrx_word' id='word_1_224' title='bbox 517 2145 680 2194; x_wconf 88' lang='lat' dir='ltr'>potius,</span> <span class='ocrx_word' id='word_1_225' title='bbox 733 2145 843 2196; x_wconf 88' lang='lat' dir='ltr'>quod</span> <span class='ocrx_word' id='word_1_226' title='bbox 894 2145 1000 2184; x_wconf 85' lang='lat' dir='ltr'>inter</span> <span class='ocrx_word' id='word_1_227' title='bbox 1035 2155 1254 2199; x_wconf 57' lang='lat' dir='ltr'>Vtramque</span> <span class='ocrx_word' id='word_1_228' title='bbox 1309 2148 1572 2206; x_wconf 76' lang='lat' dir='ltr'>continetur,</span> 
     </span>
     <span class='ocr_line' id='line_1_30' title="bbox 107 2203 1569 2267; baseline 0.008 -24"><span class='ocrx_word' id='word_1_229' title='bbox 107 2203 293 2258; x_wconf 84' lang='lat' dir='ltr'>septum,</span> <span class='ocrx_word' id='word_1_230' title='bbox 346 2215 590 2258; x_wconf 88' lang='lat' dir='ltr'>promotum</span> <span class='ocrx_word' id='word_1_231' title='bbox 641 2207 713 2259; x_wconf 82' lang='lat' dir='ltr'>iri,</span> <span class='ocrx_word' id='word_1_232' title='bbox 766 2206 880 2248; x_wconf 83' lang='lat' dir='ltr'>facile</span> <span class='ocrx_word' id='word_1_233' title='bbox 931 2208 1186 2265; x_wconf 75' lang='lat' dir='ltr'>intelligitur.</span> <span class='ocrx_word' id='word_1_234' title='bbox 1257 2210 1431 2252; x_wconf 71' lang='lat' dir='ltr'>lam-ea</span> <span class='ocrx_word' id='word_1_235' title='bbox 1468 2214 1569 2267; x_wconf 83' lang='lat' dir='ltr'>septi</span> 
     </span>
    </p>

    <p class='ocr_par' dir='ltr' id='par_1_5' title="bbox 825 2269 1580 2319">
     <span class='ocr_line' id='line_1_31' title="bbox 825 2269 1580 2319; baseline 0.009 -7"><span class='ocrx_word' id='word_1_236' title='bbox 825 2269 867 2312; x_wconf 91' lang='lat' dir='ltr'>O</span> <span class='ocrx_word' id='word_1_237' title='bbox 891 2284 917 2311; x_wconf 93' lang='lat' dir='ltr'>o</span> <span class='ocrx_word' id='word_1_238' title='bbox 956 2285 979 2310; x_wconf 86' lang='lat'>2</span> <span class='ocrx_word' id='word_1_239' title='bbox 1524 2278 1580 2319; x_wconf 74' lang='lat' dir='ltr'>inv</span> 
     </span>
    </p>
   </div>
  </div>
 </body>
</html>
