2041 2738
621 252 738 307 ⁶³25.ss
801 247 819 310 )
856 255 943 303 861
981 251 1001 310 ί
1060 253 1177 305 &iff-

170 382 228 414 η
264 366 377 421 Aug.
420 364 635 409 institutae
671 365 794 420 plane
829 369 1075 417 euanescet„
1122 365 1262 411 Simili
1298 364 1472 408 ratione·
1500 367 1527 409 fi
1561 378 1638 411 va·

167 433 236 475 lor
280 432 603 486 semiparametri
649 430 842 473 statuatur
875 433 1006 474 maior
1040 442 1164 484 quam
1204 436 1511 483 1,3182567,
1563 435 1639 476 ob-

167 496 473 540 seruationibus
507 498 605 539 dier.
645 506 671 533 2
708 505 750 537 et
789 509 846 545 29
877 495 985 550 Aug.
1024 495 1334 545 satisfaciendo,
1370 509 1530 539 errores
1553 509 1633 550 pro

166 562 519 606 obseruationibus
552 561 656 603 dier.
699 573 751 601 12
784 560 897 614 Aug.
921 572 972 601 ·et
1012 573 1029 599 1
1071 557 1226 603 Octob.
1262 561 1465 603 continuo
1502 563 1631 616 magis

165 626 420 679 incresceut3
474 627 584 666 vnde
618 627 835 667 necessaria
868 626 1169 678 consequentia
1205 625 1450 673 deducitur,
1496 626 1525 666 fi
1559 629 1637 669 ob-

164 691 418 734 seruationes
451 689 596 731 dier.2
632 699 675 728 et
712 702 770 738 29
806 689 988 741 Augusti
1025 688 1144 742 plane
1179 690 1346 730 exactae
1384 690 1477 738 fint,
1514 691 1632 731 valo-

162 769 229 798 res
263 754 589 809 semiparametri
625 764 702 794 nec
739 754 925 793 minores
961 765 1086 806 quam
1130 766 1168 794 1.
1191 757 1426 803 2589746,
1452 767 1525 795 nec
1547 768 1633 796 ma-

161 821 275 863 iores
310 831 435 871 quam
480 830 519 869 1,
542 819 796 867 3182567,
841 829 917 858 nec
961 818 1068 859 vllos
1106 818 1215 857 iuter
1249 818 1324 859 hos
1359 819 1634 860 intermedios

163 883 326 932 admitti
364 883 502 935 posse,
539 883 611 936 qui
647 881 818 936 reliquis
853 882 1211 928 obleruationibus
1249 881 1464 926 verisimili
1500 885 1634 928 ratio-

160 961 214 990 ne
249 947 544 991 satisfacerent.

349 1066 384 1115 ξ.
427 1077 498 1116 14.
564 1062 774 1106 Attamen
829 1073 958 1116 quum
1013 1062 1128 1104 facile
1164 1062 1253 1103 fieri
1291 1071 1441 1116 queat,
1488 1073 1536 1104 vt
1571 1062 1634 1104 his

163 1122 517 1172 obseruationibus
567 1129 672 1169 dier.
712 1139 735 1165 2
772 1137 813 1169 et
851 1140 910 1177 29
947 1125 1059 1180 Aug.
1108 1128 1320 1168 leuiusculi
1358 1128 1528 1179 quidam
1569 1129 1633 1167 in-

159 1195 240 1236 sint
276 1207 453 1244 errores,
481 1194 604 1234 vuius
641 1192 794 1233 scilicet
833 1192 896 1232 vel
931 1192 1097 1233 alterius
1137 1193 1287 1232 minuti
1325 1192 1467 1244 primi,
1491 1193 1637 1233 videa·

162 1272 257 1301 mus
309 1259 409 1312 quid
463 1271 542 1313 pro
593 1256 840 1300 huiusmodi
886 1255 1166 1311 suppositione
1211 1257 1462 1298 censendum
1501 1257 1550 1297 fit
1585 1257 1634 1297 cle

161 1323 380 1365 elementis
423 1323 585 1367 orbitae
627 1322 812 1377 tempori
875 1319 1096 1363 Periodico
1131 1321 1278 1364 decem
1315 1334 1527 1363 annorum
1566 1334 1636 1362 ac-

159 1389 451 1429 commodatis.
517 1387 574 1427 Et
618 1387 805 1439 primum
853 1385 1024 1436 quidem
1061 1398 1115 1426 ex
1147 1387 1202 1435 §5-
1247 1400 1316 1426 11.
1354 1397 1396 1426 et
1436 1398 1508 1425 12.
1544 1387 1634 1426 col-

157 1449 316 1506 ligitur,
335 1451 721 1507 semiparametrum
761 1448 965 1491 maiorem
1006 1461 1134 1502 quam
1177 1453 1459 1500 1,3182567
1499 1451 1634 1503 accipi

158 1528 245 1556 non
281 1517 420 1570 posse,
456 1517 555 1568 quia
588 1515 756 1566 insignis
794 1514 863 1554 iste
896 1526 1013 1553 error
1049 1516 1089 1554 in
1128 1515 1416 1555 obieruatioue
1449 1515 1529 1554 diei
1575 1528 1629 1554 12

156 1579 272 1632 Aug.
308 1578 425 1618 nullo
458 1577 590 1617 modo
626 1576 717 1615 tolli
754 1576 900 1629 posset,
942 1576 1013 1616 nili
1051 1589 1172 1618 error
1207 1590 1335 1630 aeque
1372 1591 1520 1632 parum
1559 1590 1635 1618 ve-

157 1641 343 1685 risimilis
390 1641 432 1682 in
475 1640 813 1682 obseruationem
850 1640 918 1680 die
960 1653 978 1679 1
1019 1637 1172 1683 Octob.
1207 1641 1356 1682 fastam
1393 1643 1631 1683 inducatur.

154 1705 388 1749 Caeterum
426 1716 510 1748 tam
546 1717 599 1747 ex
634 1704 697 1745 his
733 1704 864 1746 modo
899 1705 1032 1747 citatis
1070 1707 1125 1755 βξ.
1163 1719 1289 1760 quam
1328 1709 1357 1757 ξ.
1381 1721 1421 1757 9.
1457 1707 1630 1755 constat,

155 1771 270 1827 quod
306 1771 334 1811 fi
368 1782 447 1825 pro
482 1771 773 1813 obseruatione
808 1769 874 1810 die
916 1782 934 1808 1
976 1767 1130 1812 Oetob.
1181 1784 1298 1811 error
1349 1773 1457 1812 intra
1504 1773 1630 1825 quin-

156 1837 298 1878 decim
333 1835 489 1876 minuta
525 1835 663 1889 prima
698 1835 994 1882 contineatur,
1043 1833 1134 1877 ficri
1181 1837 1391 1883 necessum,
1424 1837 1528 1885 effe,
1582 1846 1629 1877 vt

156 1910 245 1942 tam
265 1912 344 1955 pro
363 1898 505 1941 valore
528 1899 857 1954 semiparamctri
884 1912 901 1936 1
929 1907 1163 1950 2589746,
1193 1914 1317 1953 quam
1347 1905 1627 1951 1‚3182567‚

154 1966 200 2008 in
250 1977 333 2006 vna
376 1963 447 2005 vel
491 1963 619 2006 altera
663 1964 826 2005 istarum
866 1964 1207 2006 obseruationum
1243 1966 1381 2007 diebus
1422 1980 1445 2004 2
1484 1977 1526 2006 et
1567 1978 1621 2004 12

155 2029 271 2084 Aug.
305 2029 531 2081 saetarum,
562 2041 725 2070 errores
762 2030 880 2068 omui
915 2029 1210 2082 probabilitate
1248 2031 1427 2072 destituti
1467 2033 1624 2084 reperi-

156 2106 293 2139 antur.
360 2092 501 2134 Immo
534 2104 650 2143 vero,
668 2092 826 2135 etiamsi
866 2093 983 2134 valor
1021 2096 1353 2148 semiparametri
1387 2097 1527 2136 minor
1551 2108 1625 2148 po-

155 2168 277 2201 natur
326 2170 452 2211 quam
511 2161 824 2210 1‚2589746,
875 2170 994 2199 error
1041 2172 1119 2212 pro
1166 2159 1452 2201 obseruatione
1489 2161 1554 2198 dic
1598 2172 1616 2197 1

153 2220 311 2267 octob.
347 2222 453 2263 faeta
489 2224 724 2275 quindecim
764 2223 935 2263 minutis
969 2225 1114 2278 primis
1153 2224 1342 2265 concludi
1372 2223 1622 2277 nonpotcsl,

154 2289 233 2329 nifi
278 2300 361 2328 vna
402 2286 471 2327 vel
505 2286 627 2329 altera
660 2288 828 2330 istarum
865 2288 1199 2332 obseruationum
1238 2289 1381 2331 diebus
1423 2301 1445 2326 2
1487 2300 1526 2329 et
1566 2301 1618 2329 12

153 2353 256 2414 aaa
273 2351 407 2397 Acad.
425 2350 524 2410 Imp.
540 2351 609 2397 Sc.
627 2351 735 2400 Tom.
756 2353 797 2397 V.
818 2354 862 2394 P.
884 2351 932 2396 11.
1193 2350 1229 2395 Z
1261 2364 1284 2394 z
1453 2394 1459 2399 ,
1512 2355 1624 2406 Aug.
