2041 2738
885 213 999 260 »3³:ss
1051 208 1081 262 ‘)
1117 220 1206 258 252
1244 207 1262 264 f
1323 211 1437 260 2:⁶9⁶<-

410 340 516 369 rum.
587 322 691 365 Sunt
734 321 830 363 od'to
864 319 1059 361 fibrarum
1095 318 1255 367 fasciae,
1289 316 1354 358 seu
1380 315 1530 367 classes,
1565 320 1609 360 in
1633 329 1729 372 quas
1750 319 1884 360 maxi-

411 403 480 432 me
522 397 622 442 puto
659 396 718 428 et*
748 384 1185 440 aptiffime'distingui
1221 383 1330 436 poffe
1367 379 1489 423 fibras
1524 383 1749 434 Vniuersas,
1780 396 1883 436 quae

412 463 638 494 externam
695 449 918 492 ventriculi
971 449 1111 490 dextri
1167 444 1428 500 superficiem
1484 444 1686 488 efficiunt.
1769 445 1884 501 Quae

413 517 570 559 scilicet
602 526 645 556 et
680 526 783 557 ortu
818 514 1028 563 ductuque
1066 522 1109 554 et
1143 511 1224 552 fine
1262 510 1374 551 inter
1409 512 1447 551 se
1482 508 1702 557 differant,
1736 518 1777 548 et
1812 504 1888 547 no-

416 581 564 622 tabiles
598 578 677 621 sint
718 578 805 630 vsu,
838 578 904 619 vel
938 577 1017 616 alia
1057 577 1195 629 aliqua
1231 577 1494 628 proprietate
1529 573 1692 628 insigni,
1729 583 1769 613 et
1790 583 1891 625 quae

416 647 618 694 tandem,
669 643 781 696 quod
820 641 1015 696 equidem
1055 640 1165 682 haud
1200 640 1378 681 minoris
1417 639 1627 680 momenti
1664 637 1742 684 effe
1778 633 1907 688 arbi&

416 720 526 757 nor,
560 708 750 749 maxime
786 706 940 747 censeo
978 707 1056 745 effe
1091 704 1338 745 constantes.
1404 701 1458 743 lis
1479 702 1688 757 sequentia
1707 699 1887 755 imposui

419 773 609 825 nomina,
645 771 794 825 quibus
833 770 862 812 fi
898 769 1071 812 meliora
1105 771 1346 817 inueneris,
1383 767 1546 809 auferre
1581 768 1674 816 ista,
1710 765 1890 807 meliora

415 839 638 891 imponere
671 835 787 880 licet.
855 832 962 876 Sunt
988 846 1089 887 ergo
1111 834 1302 876 interim:
1339 828 1402 886 1.)
1422 829 1567 873 Fibrae
1586 829 1888 873 circumflexae

415 902 596 947 finistrae
632 898 727 954 [a].
800 900 874 951 2.)
910 897 1055 939 Fibrae
1090 896 1621 952 pulmonalesanteriores
1654 892 1762 953 [h].
1831 888 1889 947 3.)

418 965 565 1007 Fibrae
601 963 842 1006 interiectae
881 963 1156 1011 infundibuli,
1203 963 1284 1002 siue
1319 960 1486 1001 fasciola
1521 959 1770 1001 infundibuli
1806 958 1888 998 mi-

417 1042 497 1071 nor
534 1027 637 1083 [c.]
706 1022 775 1079 4.)
816 1024 961 1067 Fibrae
996 1026 1292 1066 circumflexae
1327 1026 1499 1064 dextrae
1534 1025 1781 1076 superiores,
1824 1021 1891 1062 seu

416 1090 682 1148 pulmonales
719 1089 965 1142 posteriores
1002 1087 1104 1141 [d].
1174 1087 1241 1141 5,)
1274 1087 1420 1128 Fibrae
1455 1087 1755 1128 circumflexae
1788 1085 1894 1125 dex·

421 1167 508 1198 trae
543 1155 778 1201 inferiores,
816 1152 901 1194 fiue
937 1153 1114 1195 aorticae
1152 1152 1248 1206 [e].
1316 1151 1453 1192 Pofles
1489 1154 1615 1193 etiarn
1652 1148 1897 1192 musculum

418 1219 747 1275 circumflexum
785 1215 989 1259 dextrum
1027 1217 1237 1257 minorem
1275 1215 1406 1266 illum,
1441 1215 1552 1257 hunc
1587 1215 1792 1255 maiorem
1820 1224 1894 1265 ap-

416 1285 585 1340 pellare.
655 1281 724 1332 6.)
759 1278 902 1323 Fascia
953 1280 1203 1322 infundibuli
1258 1294 1407 1333 magna
1446 1279 1540 1334 [j].
1627 1279 1697 1331 7.)
1749 1276 1894 1317 Fascia

417 1347 659 1402 angularis,
704 1344 771 1384 seu
820 1344 948 1384 fibrae
985 1344 1198 1398 angulares
1236 1341 1342 1401 [gJ.
1413 1344 1608 1395 Denique
1646 1339 1713 1394 8.)
1750 1340 1892 1381 Fascia

413 1412 482 1454 seu
515 1410 645 1451 fibrae
678 1407 885 1448 ventrales
917 1405 1018 1460 [h].
1083 1407 1248 1447 Poffent
1292 1406 1356 1446 his
1391 1406 1592 1447 accenseri
1645 1401 1705 1457 1.)
1741 1404 1894 1446 fascio·

417 1471 464 1516 la'
494 1473 698 1528 quaedam
720 1501 732 1521 ‚
782 1483 890 1523 quae
935 1471 1076 1523 pontis
1108 1471 1230 1512 instar
1264 1483 1286 1510 e
1319 1470 1458 1511 dextri
1493 1467 1718 1511 ventriculi
1752 1469 1893 1521 super-

418 1539 512 1581 ficie
545 1539 587 1577 in
624 1532 890 1588 superficiem
926 1534 1073 1574 finistri
1108 1532 1227 1585 super
1246 1545 1431 1577 emnam,
1463 1533 1666 1585 superque
1689 1526 1891 1571 arteriam

422 1599 688 1645 coronariam
741 1596 965 1649 sinistram,
1025 1598 1262 1652 interrupta
1320 1595 1493 1650 quidem
1545 1593 1892 1644 continuatione,

1785 1668 1898 1701 tran·

428 1840 431 1841 ⁷
470 1846 535 1893 [a]
561 1843 645 1880 Tab.
671 1847 695 1880 1.
721 1858 751 1881 x.

476 1903 530 1950 [h]
560 1903 644 1936 Tab.
669 1905 692 1938 Ι.
718 1915 742 1937 1.
771 1912 803 1948 y.
827 1913 857 1937 2.
884 1913 914 1943 ω,
940 1914 966 1945 3.

476 1961 529 2008 [c]
556 1961 646 1996 Tab.
675 1961 703 1999 I.
732 1972 762 2002 7.

478 2017 536 2065 [d]
565 2017 653 2051 Tab.
680 2017 712 2051 Ι.
739 2026 783 2059 4.,

478 2079 522 2126 [e]
549 2078 635 2112 Tab.
665 2079 688 2112 Ι.
715 2089 741 2121 5.
772 2079 804 2112 6.
889 2125 891 2127 Ι

478 2136 536 2185 [f]
564 2137 649 2175 Tab,
676 2138 707 2171 Ι.
736 2144 756 2178 3
796 2147 826 2181 9.
852 2147 900 2172 10.
925 2147 968 2173 11.
1001 2147 1046 2170 12.
1076 2141 1126 2178 13.
1155 2143 1206 2177 ¹4.
1232 2143 1272 2178 ¹5·
1301 2133 1349 2168 r6.
1381 2143 1425 2167 ιτ.
1456 2139 1503 2173 18-
1534 2143 1589 2179 ¹9·
1615 2141 1668 2166 23.

475 2197 541 2244 [g]
567 2196 655 2234 Tab,
683 2196 729 2230 111
769 2194 812 2230 D.
840 2196 868 2229 E
907 2195 945 2229 G.
971 2194 1058 2231 Tab.
1091 2201 1110 2228 ’.
1137 2205 1182 2236 24
1220 2203 1264 2236 23.
1293 2193 1345 2227 26.
1371 2203 1420 2234 27.
1448 2199 1500 2232 28.
1529 2201 1583 2235 29.
1610 2200 1660 2232 30.
1687 2198 1742 2236 31.

476 2259 546 2307 [h]
572 2258 659 2296 Tab.
685 2259 739 2296 111.
763 2261 807 2295 D.
834 2256 875 2292 G.
903 2257 938 2296 F.
962 2257 1047 2294 Tab.
1074 2259 1100 2294 1.
1124 2256 1174 2294 M·
1200 2265 1245 2300 33·
1271 2264 1322 2303 34·
1349 2262 1408 2302 ‘3th
1435 2265 1534 2302 ysque
1559 2249 1601 2288 ad
1627 2258 1673 2298 58.
1698 2251 1754 2288 Da
