2041 2738
856 268 972 320 »ἕρ-’.ἐ
1039 262 1238 323 )37'2(
1300 264 1414 315 ἓῐεὲω

399 387 579 446 poterit'‚
631 383 705 426 nifi
758 393 944 424 errorem
999 371 1262 420 admittendo
1311 386 1391 430 pro
1426 372 1524 416 loco
1559 370 1762 418 Cometae
1797 380 1863 423 die

404 468 423 495 1
466 449 622 494 Oc'tob.
662 447 912 497 obseruato,
948 444 1022 499 qui
1054 443 1103 485 ab
1136 445 1305 496 integro
1337 439 1471 495 gradu
1504 440 1581 481 vix
1613 440 1785 483 differet.

589 582 626 634 ξ.
663 584 734 622 26.
805 574 1032 621 Caeterum
1068 576 1137 619 vel
1173 588 1241 618 me
1288 588 1373 617 non
1424 582 1623 617 monente
1673 574 1873 631 intelligi-

403 660 495 698 tur,
530 648 690 689 etiamst
727 657 893 699 tempus
926 641 1200 686 Periodicum
1236 641 1379 683 decem
1418 653 1649 690 annorum,
1684 654 1764 696 pro
1799 641 1874 682 ob-

405 713 708 758 seruationibus
760 709 1041 750 aberrationes
1091 721 1115 748 a
1147 705 1513 761 verisimilitudine
1566 718 1651 746 non
1703 706 1874 762 prorsus

408 780 559 821 alienas
610 774 868 831 suppeditare
919 774 1184 822 censeretur3
1234 782 1378 812 tamen
1403 770 1495 819 *hoc
1531 780 1698 826 tempus
1731 771 1878 813 Perio-

405 845 548 886 dicum
586 843 848 895 aliquantum
893 839 1110 893 augendO,
1163 838 1307 891 prouti
1342 836 1370 877 s1
1404 836 1601 878 statuatur
1635 837 1879 890 quindecim

408 921 644 958 annorum,
679 904 956 948 aberrationes
989 902 1329 944 obseruationum
1363 901 1542 942 omnino
1578 900 1769 942 absurdas
1803 902 1882 942 effe

409 975 673 1031 proditur-as,
708 970 819 1010 vnde
855 968 1035 1009 omnino
1069 967 1203 1020 liquet
1237 965 1485 1008 breuitatem
1523 967 1729 1019 temporis
1765 965 1880 1007 Peri-

410 1039 544 1088 odici,
598 1048 684 1078 non
737 1033 887 1074 adstrui
940 1031 1050 1086 poffe
1084 1041 1302 1084 tamquam
1339 1031 1550 1072 rationem
1598 1028 1690 1071 satis
1725 1039 1884 1080 tutam,

412 1116 467 1146 ex
501 1116 582 1157 qua
616 1099 788 1142 dubium
823 1105 971 1138 contra
1004 1094 1342 1137 obseruationum
1378 1092 1702 1135 exac‘titudinem
1736 1093 1885 1137 deduci

413 1168 575 1210 debeat.
651 1161 781 1219 Quod
816 1160 847 1202 fi
892 1173 996 1203 vero
1031 1160 1124 1214 quis
1159 1159 1232 1200 fibi
1268 1159 1533 1212 persuadeat,
1587 1158 1892 1201 obseruationi-

415 1234 491 1275 bus
525 1225 869 1274 commemoratis
905 1238 1072 1268 errores
1106 1224 1273 1267 dimidii
1304 1224 1451 1277 gradus
1486 1223 1611 1264 inesse
1645 1224 1784 1278 posse,
1828 1222 1889 1265 illi

418 1309 588 1353 quoque
622 1292 837 1335 fatendum
875 1291 954 1341 est,
991 1302 1098 1345 quae
1134 1289 1348 1342 hucusque
1384 1289 1434 1329 de
1468 1288 1704 1329 Elementis
1735 1285 1891 1330 Come·

418 1373 559 1405 tarum
594 1360 763 1413 cognita
798 1356 916 1405 sunt,
952 1369 1030 1408 pro
1063 1354 1184 1395 valde
1219 1353 1352 1394 dubiis
1386 1353 1464 1392 effe
1500 1352 1714 1402 habenda,
1759 1365 1893 1407 quum

422 1429 500 1469 vix
534 1424 758 1477 quisquam
796 1419 1077 1459 demonstrare
1131 1418 1292 1471 poterit
1328 1416 1637 1456 obseruationes
1679 1419 1891 1458 erroribus

424 1490 615 1534 maxime
653 1484 877 1538 infignibus
913 1494 996 1521 non
1031 1481 1145 1522 fuisse
1179 1479 1398 1520 obnoxias.
1466 1478 1583 1519 Plura
1618 1479 1790 1531 quidem
1825 1480 1897 1521 ad-

425 1557 524 1598 dere
575 1551 734 1606 possem
786 1555 1059 1597 argumenta,
1115 1543 1261 1596 quibus
1311 1541 1459 1581 saltem
1511 1541 1729 1594 probabile
1779 1543 1899 1585 reddi

426 1619 583 1676 posset,
617 1623 781 1667 tempus
816 1608 1088 1651 Periodicum
1126 1612 1267 1649 decem
1303 1615 1509 1645 annorum
1547 1616 1642 1645 cum
1678 1604 1779 1648 locis
1816 1604 1904 1649 Co-

428 1693 570 1727 metae
606 1690 716 1720 anno
758 1685 877 1726 1770
916 1672 1147 1713 obseruatis
1188 1669 1305 1711 nullo
1348 1667 1478 1709 modo
1512 1668 1729 1711 consistere
1763 1673 1900 1725 poffe;

429 1758 582 1791 verum
619 1742 686 1785 cui
722 1738 1022 1782 demonstratio
1061 1735 1192 1778 modo
1227 1734 1354 1775 allata
1389 1744 1473 1772 non
1512 1733 1746 1776 sansfacere
1779 1746 1902 1789 pote-

434 1814 514 1860 rit,
564 1808 634 1850 ille
678 1818 753 1848 nec
800 1803 980 1856 reliquas
1034 1802 1215 1842 rationes
1259 1798 1353 1839 satis
1396 1797 1639 1851 stringentes
1683 1799 1896 1856 inueniet,

434 1888 565 1931 quare
601 1882 781 1926 aequum
818 1869 898 1916 est,
934 1877 980 1907 vt
1014 1867 1241 1921 vnicuique
1272 1862 1455 1906 liberum
1490 1862 1767 1918 reIInquatur‚
1802 1865 1902 1921 quid

433 1942 514 1985 hac
549 1939 601 1981 de
637 1949 681 1979 re
715 1936 890 1977 statuere
924 1930 1039 1973 velit.

1781 2383 1914 2429 ANI-
