2041 2738
889 190 1003 238 »ξε-,ζ
1065 184 1081 252 )
1119 191 1208 237 246
1242 186 1258 240 (
1318 188 1433 238 ἓξὲξ..

437 311 508 344 nec
539 297 714 348 fingulae
747 307 848 348 ergo
882 307 904 335 a
937 294 1055 336 dic'tis
1087 292 1448 334 circumferentiae
1480 292 1684 345 partibus,
1735 298 1877 339 orian-

437 372 527 410 tur;
577 359 848 409 firniliterque
880 359 925 408 in
959 356 1058 410 alias
1112 355 1287 402 multae,
1336 366 1440 406 quae
1484 365 1567 394 non
1617 355 1665 393 ad
1712 368 1876 403 crenam

438 422 711 477 perueniunt,
746 420 995 468 inserantur;
1043 418 1284 459 communis
1320 426 1461 457 tamen
1496 415 1686 455 omnium
1721 426 1764 456 et
1797 422 1879 471 pri-

439 484 590 524 marius
626 491 741 524 ortus
779 483 833 521 est
868 484 911 521 in
946 480 1130 532 partibus
1167 479 1249 518 illis
1296 478 1656 518 circumferentiae
1689 477 1740 516 ad
1774 479 1879 519 basm

439 546 573 586 cordis
605 555 647 586 et
680 544 730 584 ad
767 544 978 595 regionem
1016 541 1118 594 septi
1153 541 1195 580 in
1230 539 1439 592 superficie
1474 538 1606 580 cordis
1642 537 1786 592 plana,
1821 541 1884 580 in-

440 607 565 648 sertio
599 608 835 648 communis
870 607 913 646 in
950 616 1099 651 crena,
1133 603 1198 644 seu
1233 603 1401 654 regione
1434 602 1557 654 septi,
1607 601 1651 640 in
1683 600 1884 654 superiori

439 669 577 711 cordis
611 667 838 721 superficie.
903 665 1024 721 Quae
1061 665 1173 705 enim
1208 676 1263 704 ex
1296 663 1425 705 fasciis
1460 663 1628 714 fasciae,
1663 674 1717 703 ex
1745 665 1797 704 iis
1825 672 1886 704 ta-

440 743 564 780 men,
590 732 826 777 oriuntur,
876 741 982 780 quae
1016 728 1122 780 ipsae
1157 740 1180 766 a
1214 726 1393 778 partibus
1426 726 1504 768 illis
1536 725 1886 766 circumferentiae

441 803 557 834 ortae
585 801 713 833 erant.
764 790 886 845 Quae
920 790 1152 830 inseruntur
1186 788 1228 827 in
1261 787 1416 837 fascias,
1448 789 1492 834 in
1528 800 1595 828 eas
1632 798 1756 838 certe,
1787 799 1889 840 quae

442 856 551 908 ipsae
585 855 632 895 ad
671 865 843 895 crenam
874 854 1146 905 perueniunt,
1187 851 1430 892 inseruntur.
1498 848 1561 890 Vt
1595 849 1789 890 omnibus
1825 861 1892 889 er-

442 930 495 970 go
530 916 767 958 communis
801 915 871 955 illa
905 915 1123 967 primaque
1155 914 1306 964 origo,
1341 913 1536 954 omnibus
1576 911 1811 952 communis
1846 921 1889 952 et

443 979 594 1021 vltima
627 978 729 1019 haec
764 978 935 1019 insertio
969 977 1145 1019 omnino
1178 974 1347 1016 adscribi
1379 974 1513 1029 poffit.

461 1114 679 1169 Distinetae
713 1111 850 1154 dextri
882 1125 907 1153 a
927 1113 1082 1168 sinistri
1113 1113 1321 1156 ventriculi
1344 1112 1469 1164 fibris
1501 1122 1585 1154 tam
1616 1114 1656 1156 in
1677 1114 1875 1171 fhperiori
1893 1128 1903 1146 -ι

743 1202 860 1243 quam
893 1190 1075 1248 inferiori
1104 1193 1230 1234 cordis
1264 1173 1470 1245 superficie
1499 1181 1604 1243 scint.
1892 1182 1899 1189 ’

633 1285 737 1326 Alia
772 1297 874 1324 vero
907 1286 948 1325 in
983 1286 1201 1325 communi
1250 1284 1325 1325 hac
1379 1285 1576 1325 fibrarum
1628 1293 1894 1325 externarum

449 1347 672 1388 ventriculi
704 1347 838 1386 dextri
873 1346 1092 1389 insertione
1126 1347 1167 1385 in
1214 1359 1405 1395 crenam,
1442 1357 1531 1386 tum
1567 1347 1695 1386 etiam
1733 1347 1774 1386 in
1809 1346 1894 1385 ori-

449 1409 544 1461 gine
581 1420 603 1446 a
636 1408 752 1456 stria,
787 1418 867 1458 qua
892 1410 1017 1458 *regio
1050 1408 1151 1459 septi
1186 1408 1227 1446 in
1262 1408 1380 1460 plana
1413 1407 1549 1447 cordis
1581 1407 1683 1446 facie
1711 1407 1899 1458 designa·.

450 1481 544 1518 tur,
579 1468 795 1510 difficultas
829 1473 1027 1510 occurrit.
1094 1468 1193 1508 Non
1229 1469 1283 1509 itta
1316 1470 1483 1521 quidem
1527 1468 1654 1508 fibrae
1697 1479 1893 1508 externae

449 1531 674 1570 ventriculi
717 1530 854 1571 dextri
891 1532 934 1568 in
970 1541 1160 1570 connexa
1209 1530 1345 1569 cordis
1393 1528 1606 1580 superficie
1658 1529 1776 1582 super
1809 1542 1898 1569 cre-

449 1605 547 1632 nam
584 1592 698 1633 resia
732 1592 774 1630 in
810 1591 1008 1631 sinistrum
1061 1593 1303 1632 continuant
1345 1590 1651 1642 ventriculum,
1701 1591 1899 1641 quemad-

451 1654 626 1696 modum
678 1652 857 1694 Louerus
892 1665 954 1694 eas
991 1663 1034 1693 et
1085 1652 1321 1694 Winslowus
1369 1654 1617 1692 continuare
1665 1651 1898 1700 affirmant,

453 1727 500 1757 vt
535 1716 694 1757 nullutn
744 1717 787 1757 in
835 1725 1009 1756 externa
1058 1714 1271 1768 superficie
1322 1716 1433 1756 inter
1484 1715 1620 1755 dextri
1671 1724 1712 1753 et
1753 1714 1900 1756 sinistri

453 1780 679 1825 ventriculi
713 1778 838 1819 fibras
872 1778 1089 1818 discrimen
1115 1780 1240 1828 veffet3
1275 1787 1362 1817 tum
1400 1778 1509 1816 enim
1539 1786 1579 1816 et
1608 1788 1772 1817 crenam
1808 1777 1899 1817 nul-

454 1843 540 1883 lam
575 1852 617 1882 et
652 1841 809 1882 nullum
847 1842 887 1880 in
922 1839 998 1880 hac
1051 1841 1140 1880 sede
1195 1842 1372 1893 regionis
1406 1840 1508 1890 septi
1543 1839 1742 1879 indicium
1779 1852 1901 1891 appa-

456 1917 547 1946 rere
597 1913 838 1956 oporteret3
888 1903 950 1942 sed
988 1914 1061 1941 nec
1115 1901 1217 1941 adeo
1267 1912 1403 1942 tamen
1438 1902 1477 1941 in
1508 1914 1628 1941 crena
1668 1900 1819 1951 vbique
1851 1896 1901 1939 fi-

459 1966 554 2005 brae
587 1965 796 2006 distinctae
841 1965 1178 2016 interruptaeque
1222 1963 1335 2010 sunt,
1387 1964 1487 2003 ficut
1521 1963 1689 2003 Illustris
1723 1961 1899 2003 Senacus

457 2031 502 2070 in
538 2029 655 2067 icone
689 2027 754 2067 sua
789 2026 903 2078 pingi
940 2026 1118 2074 curauit,
1152 2034 1197 2064 vt
1232 2038 1311 2066 vna
1343 2027 1541 2066 continua
1576 2024 1727 2076 vbique
1758 2038 1898 2077 aequa·

457 2091 507 2131 lis
542 2100 582 2130 et
616 2090 816 2143 profunda
851 2100 969 2129 crena
1004 2088 1073 2135 sit,
1125 2099 1205 2138 qua
1250 2087 1387 2129 finitae
1422 2089 1597 2128 omnino
1629 2087 1898 2134 dextri,ven·

460 2153 601 2195 triculi
651 2151 778 2193 fibrae
829 2165 852 2191 a
901 2152 1018 2192 nouis
1070 2149 1295 2192 orientibus
1346 2149 1490 2191 sinistri
1543 2150 1898 2204 distinguerentur.

1795 2209 1904 2260 ISin-
