2041 2738
862 201 980 253 »3253
1042 197 1245 256 >2⁵0(
1309 201 1425 253 2:03<-

414 314 548 361 datur‚
583 312 694 366 quasi
731 311 938 367 impressa,
974 322 1043 354 aut
1076 312 1183 353 linea
1217 311 1418 366 fimplex,
1466 323 1548 365 qua
1581 310 1706 357 fibrae
1739 313 1881 361 finitae

415 377 566 419 finistri
616 377 838 420 ventriculi
885 378 931 419 ab
972 377 1205 419 orientibus
1240 378 1379 420 dextri
1414 376 1773 430 distinguerentur3
1808 381 1876 425 sed

412 439 500 482 lata
536 443 714 485 omnino
751 443 843 484 stria
877 442 934 482 est
970 441 1305 494 longitudinalis;
1351 440 1548 497 pollicem
1584 442 1789 495 integrum
1825 445 1880 486 la-

415 505 595 548 titudine
641 508 842 561 posterius
884 506 934 546 ad
982 506 1123 556 basin,
1174 507 1477 560 dimidiumpin
1529 506 1660 547 media
1695 517 1808 560 parte
1841 517 1883 549 et

414 571 594 611 anterius
630 584 760 626 prope
797 570 985 624 apicem,
1023 583 1226 625 aequans,
1262 570 1407 625 plana,
1441 570 1685 625 compacta,
1723 583 1882 623 carnea,

409 634 451 674 in
485 646 562 687 qua
595 634 725 677 fibrae
759 636 917 689 aegrius
955 635 1281 688 distinguuntur,
1336 644 1537 689 quantum
1575 644 1716 676 tamen
1750 636 1885 678 distin-

409 697 480 751 gui
517 701 696 752 poffunt,
731 699 1012 752 longitudinali
1046 701 1169 742 ductu
1204 713 1226 740 a
1258 699 1339 740 basi
1378 700 1426 741 ad
1457 701 1618 754 apicem
1642 700 1883 744 decurrunt·

411 760 466 807 In
499 761 620 805 huius
657 765 886 818 marginem
922 764 1124 808 sinistrum
1157 763 1284 805 fibrae
1323 765 1540 806 ventriculi
1574 763 1743 814 sinistri,
1779 763 1886 805 obli-

412 838 495 880 que
531 841 554 869 a
589 826 669 870 bafi
703 830 835 870 versus
879 830 1044 882 apicem
1089 828 1402 878 descendendo,
1456 828 1612 882 angulis
1648 829 1882 870 admodum

411 891 556 937 acutis,
591 895 811 936 continuae
845 893 1072 935 transeunt.
1139 891 1317 942 Dextri,
1355 892 1617 936 transuerfim
1655 892 1742 934 fere
1777 892 1883 933 dex-

410 958 591 998 trorsum
629 959 957 1012 progredientes,
994 971 1017 998 e
1053 958 1240 1010 margine
1276 959 1427 1000 dextro
1462 956 1615 1011 angulis
1646 956 1732 998 fere
1758 956 1881 998 rectis

407 1021 629 1064 continuae
666 1023 847 1076 pariter,
893 1031 934 1061 at
964 1020 1104 1061 flexae
1139 1034 1162 1062 e
1196 1021 1348 1072 due'tu,
1392 1034 1519 1075 quem
1555 1022 1597 1061 in
1631 1021 1720 1063 stria
1754 1019 1880 1063 habe-

412 1081 525 1136 bane,
559 1085 854 1138 longitudinali‚
889 1085 1096 1128 oriuntur.
1164 1085 1323 1132 Miror,
1357 1097 1432 1126 nec
1467 1085 1558 1125 satis
1586 1084 1786 1137 intelligo,
1811 1086 1882 1136 qni

410 1144 502 1188 fieri
534 1150 731 1203 potuerit,
764 1158 810 1190 vt
847 1158 1041 1202 tanquam
1079 1148 1251 1202 simplici
1286 1149 1409 1198 linea,
1447 1147 1564 1189 velut
1595 1149 1636 1190 in
1671 1146 1884 1201 superficie

409 1223 619 1264 connexa,
651 1213 693 1255 in
726 1213 806 1255 hac
840 1212 962 1268 plana
997 1225 1182 1266 quoque,
1218 1212 1421 1254 distinctas
1455 1211 1576 1253 fibras
1609 1212 1749 1254 finistri
1780 1223 1884 1255 ven·

407 1277 542 1318 triculi
575 1291 596 1319 a
629 1276 740 1318 fibris
775 1279 925 1325 dextri,
959 1286 1166 1318 caeterum
1205 1287 1399 1330 Vtrasque
1435 1277 1586 1318 eodem
1620 1276 1741 1332 plane
1773 1275 1883 1318 obli-

406 1341 573 1391 quitatis
607 1342 732 1392 gradu
768 1341 1107 1394 progredientes,
1156 1339 1403 1394 descripserit
1439 1343 1591 1394 pariter
1623 1352 1663 1382 et
1698 1341 1881 1392 pinxerit

406 1401 577 1458 Illustris
607 1401 806 1457 Senacu53
839 1403 910 1445 nifi
946 1404 1063 1444 aliter
1099 1403 1209 1443 forte
1243 1403 1366 1454 longe
1401 1404 1441 1444 in
1476 1414 1760 1457 aegrotorumx
1786 1415 1882 1445 cor·

331 1491 335 1495 -
406 1467 521 1509 dibus
558 1467 713 1518 cod'tis,
749 1481 872 1521 quam
908 1469 949 1508 in
984 1466 1214 1508 recentibus
1251 1467 1446 1507 sanorum
1480 1467 1706 1509 hominum
1743 1466 1880 1508 cordi·

404 1530 512 1580 bus,
566 1530 714 1583 quibus
750 1532 841 1572 vsus
877 1531 978 1579 sum,
1030 1529 1158 1571 fibrae
1193 1538 1404 1582 apparent.
1469 1529 1566 1570 Hoc
1599 1540 1756 1569 certum
1791 1529 1880 1579 est,

404 1594 507 1636 nihil
541 1595 583 1636 in
619 1594 721 1636 sanis
755 1604 794 1636 et
830 1592 1066 1636 recentibus
1101 1593 1211 1641 effe,
1262 1586 1375 1645 quod
1423 1604 1520 1633 cum
1555 1593 1676 1635 icone
1707 1591 1881 1646 Illustris

405 1658 569 1709 Senaci,
605 1671 688 1712 qua
722 1659 963 1701 inferiorem
997 1657 1130 1700 cordis
1166 1657 1263 1703 nudi
1298 1656 1550 1710 superficiem
1588 1657 1881 1712 repraesentat,

404 1724 528 1780 poffit
562 1724 825 1779 comparari3
872 1724 977 1764 adeo
1020 1723 1177 1764 diuersa
1211 1721 1251 1762 in
1289 1722 1482 1767 omnibus
1514 1722 1603 1763 fere
1640 1732 1787 1762 natura
1820 1720 1878 1762 est

405 1788 458 1830 ab
493 1789 614 1829 icone
649 1798 691 1828 et
725 1790 827 1830 adeo
863 1787 967 1828 haec
1001 1786 1122 1827 facies
1156 1785 1368 1839 singularia
1412 1785 1564 1837 habet,
1611 1799 1693 1839 qua
1743 1786 1779 1826 se
1825 1784 1876 1826 ab

405 1853 724 1896 indeterminata
767 1851 948 1906 fimplice
992 1849 1190 1894 fibrarum
1239 1848 1531 1904 expreffione,
1582 1863 1686 1905 quae
1722 1849 1799 1892 sola
1833 1849 1876 1889 in

405 1929 454 1958 ea
498 1917 622 1956 icone
667 1915 828 1967 exstat,
878 1916 1110 1968 distinguat.
1187 1911 1398 1957 Oriuntur
1430 1927 1452 1955 a
1487 1915 1622 1970 prima
1662 1922 1779 1968 parte
1818 1912 1877 1954 fili

406 1980 654 2034 cartilaginei
688 1980 925 2034 posterioris
960 1979 1099 2023 dextri
1135 1978 1213 2020 hae
1247 1975 1372 2020 fibrae
1407 1977 1741 2034 longitudinales,
1771 1989 1875 2031 quae

403 2045 544 2089 siriam
580 2042 790 2099 efficiunt,
825 2043 906 2098 [α]
946 2044 1091 2088 deinde
1127 2058 1150 2083 a
1186 2044 1318 2084 media
1349 2042 1458 2086 inter
1492 2054 1740 2098 Vtrumque,
1774 2042 1878 2083 dex·

404 2118 517 2168 trum
552 2117 595 2150 et
629 2108 848 2160 sinistrum,
880 2106 997 2151 filum
1033 2108 1252 2165 posterius,
1286 2108 1516 2164 parte[b]‚
1551 2122 1632 2165 qua
1658 2106 1877 2151 coniuncta

1810 2183 1878 2211 Ia·

451 2256 505 2304 [a]
532 2256 616 2293 Tab.
646 2232 1883 2304 fflssff—ffl—Q‘*

446 2307 525 2356 [b]
574 2306 663 2347 Tab.
686 2306 734 2347 ui.
758 2317 792 2355 7.
