<?xml version="1.0" encoding="UTF-8"?>
<!DOCTYPE html PUBLIC "-//W3C//DTD XHTML 1.0 Transitional//EN"
    "http://www.w3.org/TR/xhtml1/DTD/xhtml1-transitional.dtd">
<html xmlns="http://www.w3.org/1999/xhtml" xml:lang="en" lang="en">
 <head>
  <title>
</title>
<meta http-equiv="Content-Type" content="text/html;charset=utf-8" />
  <meta name='ocr-system' content='tesseract 3.04.00' />
  <meta name='ocr-capabilities' content='ocr_page ocr_carea ocr_par ocr_line ocrx_word'/>
</head>
<body>
  <div class='ocr_page' id='page_1' title='image "./actaacademiae81impe_0344.png"; bbox 0 0 2041 2738; ppageno 0'>
   <div class='ocr_carea' id='block_1_1' title="bbox 938 223 1484 404">
    <p class='ocr_par' dir='ltr' id='par_1_1' title="bbox 938 223 1484 404">
     <span class='ocr_line' id='line_1_1' title="bbox 938 223 1484 282; baseline -0.002 -2"><span class='ocrx_word' id='word_1_1' title='bbox 938 231 1050 280; x_wconf 58' lang='lat' dir='ltr'>»223ss</span> <span class='ocrx_word' id='word_1_2' title='bbox 1115 223 1131 280; x_wconf 91' lang='grc'>)</span> <span class='ocrx_word' id='word_1_3' title='bbox 1167 232 1255 273; x_wconf 83' lang='lat'>298</span> <span class='ocrx_word' id='word_1_4' title='bbox 1293 231 1307 282; x_wconf 88' lang='lat'><strong>(</strong></span> <span class='ocrx_word' id='word_1_5' title='bbox 1370 227 1484 279; x_wconf 40' lang='lat' dir='ltr'>&amp;tes-</span> 
     </span>
     <span class='ocr_line' id='line_1_2' title="bbox 1081 335 1325 404; baseline 0.004 -27"><span class='ocrx_word' id='word_1_6' title='bbox 1081 335 1325 404; x_wconf 53' lang='lat' dir='ltr'>Interiellae.</span> 
     </span>
    </p>
   </div>
   <div class='ocr_carea' id='block_1_2' title="bbox 480 419 1978 1360">
    <p class='ocr_par' dir='ltr' id='par_1_2' title="bbox 480 419 1978 1360">
     <span class='ocr_line' id='line_1_3' title="bbox 667 419 1932 486; baseline 0.001 -15"><span class='ocrx_word' id='word_1_7' title='bbox 667 429 814 473; x_wconf 88' lang='lat' dir='ltr'>Fibrae</span> <span class='ocrx_word' id='word_1_8' title='bbox 848 428 1092 472; x_wconf 61' lang='lat' dir='ltr'>interiectae</span> <span class='ocrx_word' id='word_1_9' title='bbox 1127 440 1292 486; x_wconf 89' lang='lat' dir='ltr'>partem</span> <span class='ocrx_word' id='word_1_10' title='bbox 1328 428 1574 470; x_wconf 85' lang='lat' dir='ltr'>inferiorem</span> <span class='ocrx_word' id='word_1_11' title='bbox 1608 427 1704 468; x_wconf 89' lang='lat' dir='ltr'>coni</span> <span class='ocrx_word' id='word_1_12' title='bbox 1750 419 1932 472; x_wconf 73' lang='lat' dir='ltr'>¹arteriofi</span> 
     </span>
     <span class='ocr_line' id='line_1_4' title="bbox 484 491 1933 545; baseline -0.005 -8"><span class='ocrx_word' id='word_1_13' title='bbox 484 494 761 542; x_wconf 82' lang='lat' dir='ltr'>contrahunt,</span> <span class='ocrx_word' id='word_1_14' title='bbox 802 493 1003 545; x_wconf 83' lang='lat' dir='ltr'>simulque</span> <span class='ocrx_word' id='word_1_15' title='bbox 1040 494 1328 535; x_wconf 88' lang='lat' dir='ltr'>circumflexas</span> <span class='ocrx_word' id='word_1_16' title='bbox 1363 492 1482 534; x_wconf 82' lang='lat' dir='ltr'>fibras</span> <span class='ocrx_word' id='word_1_17' title='bbox 1515 491 1705 539; x_wconf 79' lang='lat' dir='ltr'>dextras,</span> <span class='ocrx_word' id='word_1_18' title='bbox 1755 501 1812 530; x_wconf 83' lang='lat' dir='ltr'>ex</span> <span class='ocrx_word' id='word_1_19' title='bbox 1844 494 1933 543; x_wconf 89' lang='lat' dir='ltr'>qui-</span> 
     </span>
     <span class='ocr_line' id='line_1_5' title="bbox 480 553 1934 610; baseline -0.003 -11"><span class='ocrx_word' id='word_1_20' title='bbox 480 559 556 599; x_wconf 90' lang='lat' dir='ltr'>bus</span> <span class='ocrx_word' id='word_1_21' title='bbox 592 558 813 606; x_wconf 87' lang='lat' dir='ltr'>oriuntur,</span> <span class='ocrx_word' id='word_1_22' title='bbox 863 555 1038 610; x_wconf 84' lang='lat' dir='ltr'>proinde</span> <span class='ocrx_word' id='word_1_23' title='bbox 1073 566 1114 596; x_wconf 90' lang='lat' dir='ltr'>et</span> <span class='ocrx_word' id='word_1_24' title='bbox 1150 565 1287 598; x_wconf 90' lang='lat' dir='ltr'>totum</span> <span class='ocrx_word' id='word_1_25' title='bbox 1324 555 1426 596; x_wconf 85' lang='lat' dir='ltr'>latus</span> <span class='ocrx_word' id='word_1_26' title='bbox 1461 555 1654 595; x_wconf 86' lang='lat' dir='ltr'>dextrum</span> <span class='ocrx_word' id='word_1_27' title='bbox 1693 553 1788 593; x_wconf 91' lang='lat' dir='ltr'>coni</span> <span class='ocrx_word' id='word_1_28' title='bbox 1827 561 1934 594; x_wconf 82' lang='lat' dir='ltr'>arte-</span> 
     </span>
     <span class='ocr_line' id='line_1_6' title="bbox 484 617 1935 671; baseline -0.003 -9"><span class='ocrx_word' id='word_1_29' title='bbox 484 620 580 663; x_wconf 88' lang='lat' dir='ltr'>riofi</span> <span class='ocrx_word' id='word_1_30' title='bbox 615 619 879 661; x_wconf 83' lang='lat' dir='ltr'>finistrorsum</span> <span class='ocrx_word' id='word_1_31' title='bbox 912 628 955 658; x_wconf 89' lang='lat' dir='ltr'>et</span> <span class='ocrx_word' id='word_1_32' title='bbox 985 618 1172 659; x_wconf 87' lang='lat' dir='ltr'>deorsum</span> <span class='ocrx_word' id='word_1_33' title='bbox 1221 618 1388 671; x_wconf 88' lang='lat' dir='ltr'>oblique</span> <span class='ocrx_word' id='word_1_34' title='bbox 1423 617 1561 658; x_wconf 85' lang='lat' dir='ltr'>versus</span> <span class='ocrx_word' id='word_1_35' title='bbox 1595 628 1761 659; x_wconf 86' lang='lat' dir='ltr'>crenam</span> <span class='ocrx_word' id='word_1_36' title='bbox 1804 625 1935 657; x_wconf 81' lang='lat' dir='ltr'>retra-</span> 
     </span>
     <span class='ocr_line' id='line_1_7' title="bbox 481 679 1936 734; baseline -0.005 -9"><span class='ocrx_word' id='word_1_37' title='bbox 481 684 602 725; x_wconf 85' lang='lat' dir='ltr'>hunt.</span> <span class='ocrx_word' id='word_1_38' title='bbox 669 681 738 724; x_wconf 89' lang='lat' dir='ltr'>Sic</span> <span class='ocrx_word' id='word_1_39' title='bbox 769 682 865 721; x_wconf 86' lang='lat' dir='ltr'>istae</span> <span class='ocrx_word' id='word_1_40' title='bbox 897 693 1066 734; x_wconf 90' lang='lat' dir='ltr'>quoque</span> <span class='ocrx_word' id='word_1_41' title='bbox 1101 681 1227 722; x_wconf 91' lang='lat' dir='ltr'>fibrae</span> <span class='ocrx_word' id='word_1_42' title='bbox 1277 681 1414 722; x_wconf 88' lang='lat' dir='ltr'>fixum</span> <span class='ocrx_word' id='word_1_43' title='bbox 1461 680 1662 733; x_wconf 64' lang='lat' dir='ltr'>punctum</span> <span class='ocrx_word' id='word_1_44' title='bbox 1711 679 1752 718; x_wconf 84' lang='lat' dir='ltr'>in</span> <span class='ocrx_word' id='word_1_45' title='bbox 1788 690 1936 727; x_wconf 77' lang='lat' dir='ltr'>crena,</span> 
     </span>
     <span class='ocr_line' id='line_1_8' title="bbox 482 740 1937 793; baseline -0.005 -4"><span class='ocrx_word' id='word_1_46' title='bbox 482 745 641 789; x_wconf 87' lang='lat' dir='ltr'>mobile</span> <span class='ocrx_word' id='word_1_47' title='bbox 677 747 724 787; x_wconf 89' lang='lat' dir='ltr'>ad</span> <span class='ocrx_word' id='word_1_48' title='bbox 758 744 1076 793; x_wconf 77' lang='lat' dir='ltr'>circumflean,</span> <span class='ocrx_word' id='word_1_49' title='bbox 1127 743 1291 786; x_wconf 81' lang='lat' dir='ltr'>habent.</span> <span class='ocrx_word' id='word_1_50' title='bbox 1379 740 1615 784; x_wconf 86' lang='lat' dir='ltr'>Conferunt</span> <span class='ocrx_word' id='word_1_51' title='bbox 1674 743 1850 782; x_wconf 87' lang='lat' dir='ltr'>omnino</span> <span class='ocrx_word' id='word_1_52' title='bbox 1884 741 1937 782; x_wconf 80' lang='lat' dir='ltr'>ad</span> 
     </span>
     <span class='ocr_line' id='line_1_9' title="bbox 487 805 1935 860; baseline -0.004 -10"><span class='ocrx_word' id='word_1_53' title='bbox 487 808 809 851; x_wconf 73' lang='lat' dir='ltr'>coarctationem</span> <span class='ocrx_word' id='word_1_54' title='bbox 847 807 975 860; x_wconf 86' lang='lat' dir='ltr'>partis</span> <span class='ocrx_word' id='word_1_55' title='bbox 1011 807 1227 859; x_wconf 85' lang='lat' dir='ltr'>superioris</span> <span class='ocrx_word' id='word_1_56' title='bbox 1264 806 1514 854; x_wconf 85' lang='lat' dir='ltr'>ventriculi,</span> <span class='ocrx_word' id='word_1_57' title='bbox 1566 805 1615 845; x_wconf 90' lang='lat' dir='ltr'>ad</span> <span class='ocrx_word' id='word_1_58' title='bbox 1648 817 1773 856; x_wconf 87' lang='lat' dir='ltr'>quem</span> <span class='ocrx_word' id='word_1_59' title='bbox 1805 815 1935 845; x_wconf 84' lang='lat' dir='ltr'>conus</span> 
     </span>
     <span class='ocr_line' id='line_1_10' title="bbox 483 867 1978 923; baseline -0.005 -10"><span class='ocrx_word' id='word_1_60' title='bbox 483 871 699 913; x_wconf 85' lang='lat' dir='ltr'>arteriosus</span> <span class='ocrx_word' id='word_1_61' title='bbox 751 871 942 923; x_wconf 86' lang='lat' dir='ltr'><strong>pertinet.</strong></span> <span class='ocrx_word' id='word_1_62' title='bbox 1011 869 1143 922; x_wconf 81' lang='lat' dir='ltr'>Magis</span> <span class='ocrx_word' id='word_1_63' title='bbox 1178 870 1220 910; x_wconf 91' lang='lat' dir='ltr'>id</span> <span class='ocrx_word' id='word_1_64' title='bbox 1255 878 1396 910; x_wconf 86' lang='lat' dir='ltr'>tamen</span> <span class='ocrx_word' id='word_1_65' title='bbox 1429 881 1503 922; x_wconf 90' lang='lat' dir='ltr'>per</span> <span class='ocrx_word' id='word_1_66' title='bbox 1550 867 1843 908; x_wconf 68' lang='lat' dir='ltr'>adductionem</span> <span class='ocrx_word' id='word_1_67' title='bbox 1875 867 1937 907; x_wconf 79' lang='lat' dir='ltr'>Ia·</span> <span class='ocrx_word' id='word_1_68' title='bbox 1972 889 1978 894; x_wconf 48' lang='grc' dir='ltr'><strong><em>ι</em></strong></span> 
     </span>
     <span class='ocr_line' id='line_1_11' title="bbox 484 929 1940 986; baseline -0.003 -12"><span class='ocrx_word' id='word_1_69' title='bbox 484 935 585 974; x_wconf 88' lang='lat' dir='ltr'>teris</span> <span class='ocrx_word' id='word_1_70' title='bbox 618 933 754 974; x_wconf 87' lang='lat' dir='ltr'>dextri</span> <span class='ocrx_word' id='word_1_71' title='bbox 791 933 886 974; x_wconf 88' lang='lat' dir='ltr'>coni</span> <span class='ocrx_word' id='word_1_72' title='bbox 921 942 964 973; x_wconf 89' lang='lat' dir='ltr'>et</span> <span class='ocrx_word' id='word_1_73' title='bbox 995 932 1093 973; x_wconf 88' lang='lat' dir='ltr'>bafis</span> <span class='ocrx_word' id='word_1_74' title='bbox 1129 934 1304 975; x_wconf 79' lang='lat' dir='ltr'><strong>arteriae</strong></span> <span class='ocrx_word' id='word_1_75' title='bbox 1338 929 1592 986; x_wconf 87' lang='lat' dir='ltr'>pulmonalis</span> <span class='ocrx_word' id='word_1_76' title='bbox 1624 930 1676 969; x_wconf 86' lang='lat' dir='ltr'>ad</span> <span class='ocrx_word' id='word_1_77' title='bbox 1709 929 1940 979; x_wconf 81' lang='lat' dir='ltr'>finistrum,</span> 
     </span>
     <span class='ocr_line' id='line_1_12' title="bbox 484 992 1941 1050; baseline -0.004 -13"><span class='ocrx_word' id='word_1_78' title='bbox 484 1009 607 1050; x_wconf 80' lang='lat' dir='ltr'>quam</span> <span class='ocrx_word' id='word_1_79' title='bbox 644 997 711 1036; x_wconf 88' lang='lat' dir='ltr'>vel</span> <span class='ocrx_word' id='word_1_80' title='bbox 744 994 920 1048; x_wconf 87' lang='lat' dir='ltr'>fimplici</span> <span class='ocrx_word' id='word_1_81' title='bbox 951 996 1039 1036; x_wconf 88' lang='lat' dir='ltr'>suae</span> <span class='ocrx_word' id='word_1_82' title='bbox 1074 994 1345 1047; x_wconf 83' lang='lat' dir='ltr'>longitudinis</span> <span class='ocrx_word' id='word_1_83' title='bbox 1390 992 1713 1039; x_wconf 86' lang='lat' dir='ltr'>imminutione,</span> <span class='ocrx_word' id='word_1_84' title='bbox 1762 992 1830 1032; x_wconf 75' lang='lat' dir='ltr'>vel</span> <span class='ocrx_word' id='word_1_85' title='bbox 1864 1004 1941 1045; x_wconf 83' lang='lat' dir='ltr'>ap·</span> 
     </span>
     <span class='ocr_line' id='line_1_13' title="bbox 484 1054 1937 1114; baseline -0.004 -15"><span class='ocrx_word' id='word_1_86' title='bbox 484 1059 713 1114; x_wconf 84' lang='lat' dir='ltr'>plicatione</span> <span class='ocrx_word' id='word_1_87' title='bbox 747 1057 968 1099; x_wconf 88' lang='lat' dir='ltr'>eminentis</span> <span class='ocrx_word' id='word_1_88' title='bbox 1001 1071 1022 1098; x_wconf 92' lang='lat' dir='ltr'>e</span> <span class='ocrx_word' id='word_1_89' title='bbox 1058 1058 1193 1097; x_wconf 88' lang='lat' dir='ltr'>media</span> <span class='ocrx_word' id='word_1_90' title='bbox 1226 1069 1368 1097; x_wconf 87' lang='lat' dir='ltr'>earum</span> <span class='ocrx_word' id='word_1_91' title='bbox 1417 1065 1535 1108; x_wconf 88' lang='lat' dir='ltr'>parte</span> <span class='ocrx_word' id='word_1_92' title='bbox 1581 1054 1750 1095; x_wconf 85' lang='lat' dir='ltr'>formati</span> <span class='ocrx_word' id='word_1_93' title='bbox 1788 1054 1937 1107; x_wconf 86' lang='lat' dir='ltr'>margi-</span> 
     </span>
     <span class='ocr_line' id='line_1_14' title="bbox 484 1116 1940 1172; baseline -0.004 -11"><span class='ocrx_word' id='word_1_94' title='bbox 484 1123 548 1161; x_wconf 90' lang='lat' dir='ltr'>nis</span> <span class='ocrx_word' id='word_1_95' title='bbox 582 1120 630 1159; x_wconf 86' lang='lat' dir='ltr'>ad</span> <span class='ocrx_word' id='word_1_96' title='bbox 680 1121 866 1172; x_wconf 88' lang='lat' dir='ltr'>septum,</span> <span class='ocrx_word' id='word_1_97' title='bbox 918 1132 1000 1172; x_wconf 88' lang='lat' dir='ltr'>quo</span> <span class='ocrx_word' id='word_1_98' title='bbox 1050 1119 1202 1159; x_wconf 85' lang='lat' dir='ltr'>cauitas</span> <span class='ocrx_word' id='word_1_99' title='bbox 1251 1119 1360 1158; x_wconf 89' lang='lat' dir='ltr'>inter</span> <span class='ocrx_word' id='word_1_100' title='bbox 1409 1119 1641 1169; x_wconf 80' lang='lat' dir='ltr'>marginem</span> <span class='ocrx_word' id='word_1_101' title='bbox 1685 1124 1725 1155; x_wconf 92' lang='lat' dir='ltr'>et</span> <span class='ocrx_word' id='word_1_102' title='bbox 1775 1116 1940 1168; x_wconf 83' lang='lat' dir='ltr'>septum</span> 
     </span>
     <span class='ocr_line' id='line_1_15' title="bbox 485 1176 1943 1234; baseline -0.003 -10"><span class='ocrx_word' id='word_1_103' title='bbox 485 1193 681 1224; x_wconf 87' lang='lat' dir='ltr'>contenta</span> <span class='ocrx_word' id='word_1_104' title='bbox 714 1184 984 1223; x_wconf 72' lang='lat' dir='ltr'>euanesceret.</span> <span class='ocrx_word' id='word_1_105' title='bbox 1048 1180 1260 1222; x_wconf 88' lang='lat' dir='ltr'>Differunt</span> <span class='ocrx_word' id='word_1_106' title='bbox 1290 1193 1391 1234; x_wconf 84' lang='lat' dir='ltr'>ergo</span> <span class='ocrx_word' id='word_1_107' title='bbox 1422 1190 1566 1220; x_wconf 87' lang='lat' dir='ltr'>natura</span> <span class='ocrx_word' id='word_1_108' title='bbox 1609 1188 1650 1218; x_wconf 91' lang='lat' dir='ltr'>et</span> <span class='ocrx_word' id='word_1_109' title='bbox 1683 1176 1752 1218; x_wconf 90' lang='lat' dir='ltr'>vsu</span> <span class='ocrx_word' id='word_1_110' title='bbox 1786 1190 1808 1218; x_wconf 83' lang='lat' dir='ltr'>a</span> <span class='ocrx_word' id='word_1_111' title='bbox 1841 1190 1943 1231; x_wconf 86' lang='lat' dir='ltr'>pro-</span> 
     </span>
     <span class='ocr_line' id='line_1_16' title="bbox 485 1240 1940 1299; baseline -0.003 -14"><span class='ocrx_word' id='word_1_112' title='bbox 485 1247 586 1299; x_wconf 86' lang='lat' dir='ltr'>priis</span> <span class='ocrx_word' id='word_1_113' title='bbox 617 1244 837 1286; x_wconf 83' lang='lat' dir='ltr'>ventriculi</span> <span class='ocrx_word' id='word_1_114' title='bbox 870 1243 1009 1286; x_wconf 88' lang='lat' dir='ltr'>dextri</span> <span class='ocrx_word' id='word_1_115' title='bbox 1052 1243 1186 1299; x_wconf 82' lang='lat' dir='ltr'>fibris,</span> <span class='ocrx_word' id='word_1_116' title='bbox 1239 1242 1516 1291; x_wconf 65' lang='lat' dir='ltr'>ventralibus„</span> <span class='ocrx_word' id='word_1_117' title='bbox 1567 1240 1849 1296; x_wconf 85' lang='lat' dir='ltr'>angularibus,</span> <span class='ocrx_word' id='word_1_118' title='bbox 1896 1250 1940 1282; x_wconf 85' lang='lat' dir='ltr'>et</span> 
     </span>
     <span class='ocr_line' id='line_1_17' title="bbox 487 1307 1086 1360; baseline -0.003 -12"><span class='ocrx_word' id='word_1_119' title='bbox 487 1308 608 1351; x_wconf 83' lang='lat' dir='ltr'>fascia</span> <span class='ocrx_word' id='word_1_120' title='bbox 643 1307 890 1350; x_wconf 88' lang='lat' dir='ltr'>infundibuli</span> <span class='ocrx_word' id='word_1_121' title='bbox 924 1317 1086 1360; x_wconf 84' lang='lat' dir='ltr'>magna.</span> 
     </span>
    </p>
   </div>
   <div class='ocr_carea' id='block_1_3' title="bbox 834 1424 1584 1482">
    <p class='ocr_par' dir='ltr' id='par_1_3' title="bbox 834 1424 1584 1482">
     <span class='ocr_line' id='line_1_18' title="bbox 834 1424 1584 1482; baseline 0 -15"><span class='ocrx_word' id='word_1_122' title='bbox 834 1424 1129 1482; x_wconf 73' lang='lat' dir='ltr'>Circuvfiexae</span> <span class='ocrx_word' id='word_1_123' title='bbox 1160 1426 1328 1468; x_wconf 80' lang='lat' dir='ltr'>dextrae</span> <span class='ocrx_word' id='word_1_124' title='bbox 1348 1425 1584 1481; x_wconf 75' lang='lat' dir='ltr'>steperiores.</span> 
     </span>
    </p>
   </div>
   <div class='ocr_carea' id='block_1_4' title="bbox 487 1517 1942 2262">
    <p class='ocr_par' dir='ltr' id='par_1_4' title="bbox 487 1517 1942 2262">
     <span class='ocr_line' id='line_1_19' title="bbox 676 1517 1937 1573; baseline -0.002 -9"><span class='ocrx_word' id='word_1_125' title='bbox 676 1523 793 1565; x_wconf 86' lang='lat' dir='ltr'>Idem</span> <span class='ocrx_word' id='word_1_126' title='bbox 829 1522 1007 1571; x_wconf 89' lang='lat' dir='ltr'>denique</span> <span class='ocrx_word' id='word_1_127' title='bbox 1040 1520 1092 1559; x_wconf 91' lang='lat' dir='ltr'>de</span> <span class='ocrx_word' id='word_1_128' title='bbox 1129 1519 1413 1559; x_wconf 85' lang='lat' dir='ltr'>circumflexis</span> <span class='ocrx_word' id='word_1_129' title='bbox 1447 1517 1608 1558; x_wconf 82' lang='lat' dir='ltr'>dextris</span> <span class='ocrx_word' id='word_1_130' title='bbox 1642 1519 1830 1573; x_wconf 72' lang='lat' dir='ltr'>Vtrisque</span> <span class='ocrx_word' id='word_1_131' title='bbox 1855 1521 1937 1562; x_wconf 74' lang='lat' dir='ltr'>dici</span> 
     </span>
     <span class='ocr_line' id='line_1_20' title="bbox 490 1579 1939 1644; baseline -0.004 -16"><span class='ocrx_word' id='word_1_132' title='bbox 490 1586 650 1644; x_wconf 91' lang='lat' dir='ltr'>potest,</span> <span class='ocrx_word' id='word_1_133' title='bbox 681 1596 783 1638; x_wconf 87' lang='lat' dir='ltr'>quae</span> <span class='ocrx_word' id='word_1_134' title='bbox 805 1582 997 1637; x_wconf 86' lang='lat' dir='ltr'>propriae</span> <span class='ocrx_word' id='word_1_135' title='bbox 1032 1581 1360 1634; x_wconf 80' lang='lat' dir='ltr'>praecipuaeque</span> <span class='ocrx_word' id='word_1_136' title='bbox 1392 1580 1489 1620; x_wconf 86' lang='lat' dir='ltr'>coni</span> <span class='ocrx_word' id='word_1_137' title='bbox 1522 1588 1571 1638; x_wconf 24' lang='lat' dir='ltr'>et·</span> <span class='ocrx_word' id='word_1_138' title='bbox 1596 1579 1734 1621; x_wconf 87' lang='lat' dir='ltr'>orificii</span> <span class='ocrx_word' id='word_1_139' title='bbox 1768 1584 1939 1623; x_wconf 71' lang='lat' dir='ltr'>arten-io-</span> 
     </span>
     <span class='ocr_line' id='line_1_21' title="bbox 489 1644 1935 1694; baseline -0.005 -2"><span class='ocrx_word' id='word_1_140' title='bbox 489 1652 520 1692; x_wconf 84' lang='lat' dir='ltr'>fi</span> <span class='ocrx_word' id='word_1_141' title='bbox 555 1650 676 1692; x_wconf 85' lang='lat' dir='ltr'>fibrae</span> <span class='ocrx_word' id='word_1_142' title='bbox 712 1648 814 1688; x_wconf 86' lang='lat' dir='ltr'>sunt.</span> <span class='ocrx_word' id='word_1_143' title='bbox 888 1644 950 1685; x_wconf 88' lang='lat' dir='ltr'>Vt</span> <span class='ocrx_word' id='word_1_144' title='bbox 987 1644 1235 1684; x_wconf 87' lang='lat' dir='ltr'>anteriorem</span> <span class='ocrx_word' id='word_1_145' title='bbox 1289 1654 1438 1683; x_wconf 85' lang='lat' dir='ltr'>eorum</span> <span class='ocrx_word' id='word_1_146' title='bbox 1489 1651 1650 1694; x_wconf 81' lang='lat' dir='ltr'>partem</span> <span class='ocrx_word' id='word_1_147' title='bbox 1685 1644 1734 1684; x_wconf 87' lang='lat' dir='ltr'>ad</span> <span class='ocrx_word' id='word_1_148' title='bbox 1769 1657 1935 1686; x_wconf 87' lang='lat' dir='ltr'>crenam</span> 
     </span>
     <span class='ocr_line' id='line_1_22' title="bbox 490 1704 1938 1761; baseline -0.005 -6"><span class='ocrx_word' id='word_1_149' title='bbox 490 1713 674 1755; x_wconf 83' lang='lat' dir='ltr'>anterius</span> <span class='ocrx_word' id='word_1_150' title='bbox 707 1710 830 1751; x_wconf 88' lang='lat' dir='ltr'>fibrae</span> <span class='ocrx_word' id='word_1_151' title='bbox 863 1706 1075 1749; x_wconf 88' lang='lat' dir='ltr'>attrahunt</span> <span class='ocrx_word' id='word_1_152' title='bbox 1117 1705 1414 1746; x_wconf 87' lang='lat' dir='ltr'>circumflexae</span> <span class='ocrx_word' id='word_1_153' title='bbox 1464 1704 1666 1754; x_wconf 75' lang='lat' dir='ltr'>sinistrae,</span> <span class='ocrx_word' id='word_1_154' title='bbox 1718 1706 1938 1761; x_wconf 74' lang='lat' dir='ltr'>pulmona-</span> 
     </span>
     <span class='ocr_line' id='line_1_23' title="bbox 487 1766 1939 1828; baseline -0.004 -12"><span class='ocrx_word' id='word_1_155' title='bbox 487 1775 548 1816; x_wconf 85' lang='lat' dir='ltr'>les</span> <span class='ocrx_word' id='word_1_156' title='bbox 596 1776 823 1817; x_wconf 82' lang='lat' dir='ltr'>anteriores</span> <span class='ocrx_word' id='word_1_157' title='bbox 859 1779 899 1810; x_wconf 92' lang='lat' dir='ltr'>et</span> <span class='ocrx_word' id='word_1_158' title='bbox 934 1768 1194 1819; x_wconf 50' lang='lat' dir='ltr'>interiectam</span> <span class='ocrx_word' id='word_1_159' title='bbox 1247 1768 1297 1808; x_wconf 82' lang='lat' dir='ltr'>ad</span> <span class='ocrx_word' id='word_1_160' title='bbox 1347 1768 1509 1828; x_wconf 85' lang='lat' dir='ltr'>foueam</span> <span class='ocrx_word' id='word_1_161' title='bbox 1561 1768 1783 1819; x_wconf 81' lang='lat' dir='ltr'>posterius,</span> <span class='ocrx_word' id='word_1_162' title='bbox 1830 1766 1939 1823; x_wconf 81' lang='lat' dir='ltr'>quae</span> 
     </span>
     <span class='ocr_line' id='line_1_24' title="bbox 495 1830 1940 1891; baseline -0.004 -12"><span class='ocrx_word' id='word_1_163' title='bbox 495 1838 596 1891; x_wconf 86' lang='lat' dir='ltr'>septi</span> <span class='ocrx_word' id='word_1_164' title='bbox 627 1836 787 1890; x_wconf 82' lang='lat' dir='ltr'>regioni</span> <span class='ocrx_word' id='word_1_165' title='bbox 822 1845 929 1887; x_wconf 88' lang='lat' dir='ltr'>pone</span> <span class='ocrx_word' id='word_1_166' title='bbox 964 1833 1160 1873; x_wconf 79' lang='lat' dir='ltr'>arteriam</span> <span class='ocrx_word' id='word_1_167' title='bbox 1210 1830 1415 1882; x_wconf 82' lang='lat' dir='ltr'>laterique</span> <span class='ocrx_word' id='word_1_168' title='bbox 1467 1834 1640 1869; x_wconf 79' lang='lat' dir='ltr'>arteriae</span> <span class='ocrx_word' id='word_1_169' title='bbox 1680 1831 1839 1873; x_wconf 86' lang='lat' dir='ltr'>finistro</span> <span class='ocrx_word' id='word_1_170' title='bbox 1872 1845 1940 1873; x_wconf 87' lang='lat' dir='ltr'>re-</span> 
     </span>
     <span class='ocr_line' id='line_1_25' title="bbox 489 1891 1942 1953; baseline -0.004 -12"><span class='ocrx_word' id='word_1_171' title='bbox 489 1901 678 1953; x_wconf 85' lang='lat' dir='ltr'>spondet,</span> <span class='ocrx_word' id='word_1_172' title='bbox 710 1896 1005 1941; x_wconf 85' lang='lat' dir='ltr'>circumflexae</span> <span class='ocrx_word' id='word_1_173' title='bbox 1037 1896 1205 1934; x_wconf 81' lang='lat' dir='ltr'>dextrae</span> <span class='ocrx_word' id='word_1_174' title='bbox 1256 1893 1484 1945; x_wconf 82' lang='lat' dir='ltr'>superiores</span> <span class='ocrx_word' id='word_1_175' title='bbox 1515 1891 1618 1932; x_wconf 80' lang='lat' dir='ltr'>latus</span> <span class='ocrx_word' id='word_1_176' title='bbox 1652 1893 1802 1934; x_wconf 81' lang='lat' dir='ltr'>orificii</span> <span class='ocrx_word' id='word_1_177' title='bbox 1833 1897 1942 1936; x_wconf 81' lang='lat' dir='ltr'>dex·</span> 
     </span>
     <span class='ocr_line' id='line_1_26' title="bbox 495 1954 1938 2011; baseline -0.003 -9"><span class='ocrx_word' id='word_1_178' title='bbox 495 1974 632 2009; x_wconf 87' lang='lat' dir='ltr'>trum,</span> <span class='ocrx_word' id='word_1_179' title='bbox 684 1970 899 2011; x_wconf 82' lang='lat' dir='ltr'>totamque</span> <span class='ocrx_word' id='word_1_180' title='bbox 953 1958 1223 2009; x_wconf 83' lang='lat' dir='ltr'>posteriorem</span> <span class='ocrx_word' id='word_1_181' title='bbox 1260 1954 1402 1994; x_wconf 83' lang='lat' dir='ltr'>orificii</span> <span class='ocrx_word' id='word_1_182' title='bbox 1438 1964 1478 1993; x_wconf 91' lang='lat' dir='ltr'>et</span> <span class='ocrx_word' id='word_1_183' title='bbox 1512 1956 1606 1995; x_wconf 85' lang='lat' dir='ltr'>coni</span> <span class='ocrx_word' id='word_1_184' title='bbox 1641 1967 1816 2009; x_wconf 85' lang='lat' dir='ltr'>partem,</span> <span class='ocrx_word' id='word_1_185' title='bbox 1852 1967 1938 1998; x_wconf 84' lang='lat' dir='ltr'>tra·</span> 
     </span>
     <span class='ocr_line' id='line_1_27' title="bbox 492 2017 1941 2073; baseline -0.003 -8"><span class='ocrx_word' id='word_1_186' title='bbox 492 2024 623 2071; x_wconf 82' lang='lat' dir='ltr'>hunt,</span> <span class='ocrx_word' id='word_1_187' title='bbox 674 2034 803 2073; x_wconf 83' lang='lat' dir='ltr'>eaque</span> <span class='ocrx_word' id='word_1_188' title='bbox 852 2020 1018 2059; x_wconf 86' lang='lat' dir='ltr'>ratione</span> <span class='ocrx_word' id='word_1_189' title='bbox 1066 2031 1161 2058; x_wconf 90' lang='lat' dir='ltr'>cum</span> <span class='ocrx_word' id='word_1_190' title='bbox 1213 2017 1289 2057; x_wconf 72' lang='lat' dir='ltr'>ilfis</span> <span class='ocrx_word' id='word_1_191' title='bbox 1323 2017 1576 2068; x_wconf 84' lang='lat' dir='ltr'>conspirant,</span> <span class='ocrx_word' id='word_1_192' title='bbox 1627 2029 1674 2058; x_wconf 79' lang='lat' dir='ltr'>vt</span> <span class='ocrx_word' id='word_1_193' title='bbox 1708 2029 1941 2072; x_wconf 86' lang='lat' dir='ltr'>vtraeque,</span> 
     </span>
     <span class='ocr_line' id='line_1_28' title="bbox 494 2081 1939 2134; baseline -0.003 -6"><span class='ocrx_word' id='word_1_194' title='bbox 494 2089 591 2128; x_wconf 85' lang='lat' dir='ltr'>dum</span> <span class='ocrx_word' id='word_1_195' title='bbox 629 2084 747 2125; x_wconf 79' lang='lat' dir='ltr'>fimul</span> <span class='ocrx_word' id='word_1_196' title='bbox 782 2092 930 2134; x_wconf 85' lang='lat' dir='ltr'>agunt,</span> <span class='ocrx_word' id='word_1_197' title='bbox 963 2083 1215 2133; x_wconf 77' lang='lat' dir='ltr'>superiorem</span> <span class='ocrx_word' id='word_1_198' title='bbox 1252 2081 1345 2120; x_wconf 89' lang='lat' dir='ltr'>coni</span> <span class='ocrx_word' id='word_1_199' title='bbox 1378 2089 1537 2133; x_wconf 80' lang='lat' dir='ltr'>partem</span> <span class='ocrx_word' id='word_1_200' title='bbox 1570 2090 1610 2120; x_wconf 90' lang='lat' dir='ltr'>et</span> <span class='ocrx_word' id='word_1_201' title='bbox 1643 2081 1855 2124; x_wconf 62' lang='lat' dir='ltr'>orificium,</span> <span class='ocrx_word' id='word_1_202' title='bbox 1886 2081 1939 2123; x_wconf 73' lang='lat' dir='ltr'>ad</span> 
     </span>
     <span class='ocr_line' id='line_1_29' title="bbox 494 2141 1935 2202; baseline -0.004 -13"><span class='ocrx_word' id='word_1_203' title='bbox 494 2151 654 2202; x_wconf 88' lang='lat' dir='ltr'>septum</span> <span class='ocrx_word' id='word_1_204' title='bbox 690 2147 948 2198; x_wconf 83' lang='lat' dir='ltr'>adstringant.</span> <span class='ocrx_word' id='word_1_205' title='bbox 1002 2141 1310 2185; x_wconf 85' lang='lat' dir='ltr'>Circumflexae</span> <span class='ocrx_word' id='word_1_206' title='bbox 1343 2143 1536 2183; x_wconf 86' lang='lat' dir='ltr'>nimirum</span> <span class='ocrx_word' id='word_1_207' title='bbox 1566 2144 1734 2186; x_wconf 71' lang='lat' dir='ltr'>dextrae</span> <span class='ocrx_word' id='word_1_208' title='bbox 1770 2155 1935 2197; x_wconf 76' lang='lat' dir='ltr'>partem</span> 
     </span>
     <span class='ocr_line' id='line_1_30' title="bbox 496 2206 1938 2262; baseline -0.007 -8"><span class='ocrx_word' id='word_1_209' title='bbox 496 2213 690 2255; x_wconf 82' lang='lat' dir='ltr'>dextram</span> <span class='ocrx_word' id='word_1_210' title='bbox 724 2208 894 2259; x_wconf 86' lang='lat' dir='ltr'>orificii‚</span> <span class='ocrx_word' id='word_1_211' title='bbox 926 2219 1049 2262; x_wconf 87' lang='lat' dir='ltr'>quam</span> <span class='ocrx_word' id='word_1_212' title='bbox 1083 2206 1362 2256; x_wconf 83' lang='lat' dir='ltr'>circumdant,</span> <span class='ocrx_word' id='word_1_213' title='bbox 1404 2206 1711 2261; x_wconf 82' lang='lat' dir='ltr'>constringunt,</span> <span class='ocrx_word' id='word_1_214' title='bbox 1742 2206 1938 2248; x_wconf 79' lang='lat' dir='ltr'>constric-</span> 
     </span>
    </p>
   </div>
   <div class='ocr_carea' id='block_1_5' title="bbox 1775 2279 1940 2321">
    <p class='ocr_par' dir='ltr' id='par_1_5' title="bbox 1775 2279 1940 2321">
     <span class='ocr_line' id='line_1_31' title="bbox 1775 2279 1940 2321; baseline 0 -11"><span class='ocrx_word' id='word_1_215' title='bbox 1775 2279 1940 2321; x_wconf 80' lang='lat' dir='ltr'>tamque</span> 
     </span>
    </p>
   </div>
  </div>
 </body>
</html>
