2041 2738
862 255 977 304 »ἔθ’-ἒ
1041 249 1057 305 )
1097 265 1183 302 140
1220 248 1234 304 (
1298 251 1413 301 &3³3ss

409 374 586 419 confistit
621 378 667 410 vt
711 369 758 409 fit
794 364 1076 420 dszadtl),
1161 364 1314 408 Casum
1365 375 1504 407 autem
1557 370 1739 422 primum
1790 381 1865 424 pro

408 441 459 481 iis
495 435 676 477 motibus
712 433 1028 480 constituimus,
1064 430 1218 485 quibus
1255 442 1392 472 motus
1428 435 1662 483 gyratorius
1701 445 1866 475 motum

407 500 524 555 globi
559 496 855 554 progreffiuum
893 496 1076 548 superat,
1112 495 1169 535 ita
1207 505 1255 536 vt
1292 496 1340 537 fit
1375 490 1558 546 adm>
1580 495 1644 535 ds
1677 507 1717 537 et
1753 498 1869 538 attri-

409 574 475 606 tus
511 565 626 617 super
661 561 786 614 plano
828 560 1055 601 retrorsum
1091 559 1306 611 dirigatur.
1373 556 1588 599 Secundus
1622 570 1724 599 vero
1757 562 1869 601 casus

409 641 481 669 eos
517 627 705 666 continet
742 633 905 673 motus,
940 622 1012 663 vbi
1048 622 1238 664 celeritas
1274 622 1525 676 progreffiua
1561 622 1719 675 superat
1762 623 1873 662 cele·

409 692 576 732 ritatem
614 688 879 742 angularem,
931 687 989 727 ita
1022 695 1068 725 vt
1104 685 1151 725 fit
1186 680 1478 736 ds>adCD,
1529 696 1571 725 et
1603 686 1765 726 attritus
1803 695 1873 723 an-

411 754 593 795 trorsum
629 753 676 793 fit
710 750 905 793 directus.
968 748 1219 804 Quicunque
1254 761 1355 802 ergo
1391 749 1513 789 status
1549 749 1664 802 globi
1701 747 1872 789 initialis

410 818 539 858 fuerit
572 815 829 869 propositus,
871 822 965 854 ante
999 813 1140 853 omnia
1173 812 1475 867 dispiciendum
1503 814 1608 862 erit,
1639 814 1692 853 ad
1726 824 1874 865 quem-

409 894 509 922 nam
547 879 702 920 horum
743 877 908 918 casuum
946 877 1086 917 referri
1120 876 1274 917 debeat.
1351 876 1571 918 Sumamus
1606 886 1746 917 autem
1784 888 1875 916 mo-

413 954 481 986 tus
516 944 683 984 initium
719 941 913 982 constitui
949 941 991 981 in
1027 940 1117 993 ipso
1155 941 1312 993 puncto
1346 939 1391 990 1,
1424 940 1479 980 ita
1513 951 1562 980 vt
1597 940 1731 994 posito
1768 951 1879 979 tem·

411 1021 516 1062 pore
551 1016 637 1049 t:
658 1019 684 1045 o
721 1004 883 1058 semper
917 1005 963 1045 fit
996 1004 1123 1044 etiam
1159 1015 1180 1043 s
1203 1017 1251 1043 ·.-
1272 1016 1329 1055 0,
1375 1003 1486 1043 vnde
1522 1004 1564 1044 in
1600 1003 1877 1057 superioribus

413 1071 609 1112 formulis
645 1068 827 1110 constans
864 1068 935 1109 illa
969 1064 1006 1107 C
1040 1068 1081 1106 in
1120 1065 1294 1108 nihilum
1331 1065 1473 1107 abibit.
1553 1065 1716 1108 Deinde
1751 1078 1879 1117 vero,

414 1135 512 1188 quia
547 1133 720 1186 perinde
756 1133 833 1178 est,
886 1145 908 1170 a
944 1141 1127 1183 quonam
1173 1129 1358 1170 termino
1393 1130 1565 1181 angulus
1600 1126 1641 1181 Φ
1672 1131 1879 1183 capiatur,

415 1211 497 1253 pro
532 1197 656 1237 initio
691 1194 924 1236 constanter
974 1192 1172 1232 assumere
1221 1192 1453 1245 poterimus
1486 1194 1584 1235 1¹:
1608 1204 1649 1233 0.
1715 1191 1883 1232 Praete-
1922 1227 1930 1233 ,

416 1274 492 1302 rea
525 1272 632 1300 vero
667 1259 709 1299 in
744 1257 845 1297 statu
882 1255 1030 1297 initiali
1067 1255 1223 1310 duplex
1259 1265 1422 1303 motus,
1459 1257 1531 1308 qui
1580 1255 1708 1309 globo
1757 1256 1884 1297 fuerit

417 1325 659 1378 impreflus,
691 1320 893 1375 perpendi
942 1319 1086 1368 debet,
1143 1331 1325 1371 quorum
1377 1318 1479 1359 alter
1511 1319 1565 1360 est
1612 1319 1886 1372 progreffiuus

416 1386 644 1428 secundum
679 1385 809 1438 ipsam
846 1382 958 1437 plani
995 1382 1290 1431 directionem,
1325 1383 1442 1422 cuius
1477 1381 1735 1423 celeritatem
1773 1382 1884 1422 indi-

419 1451 609 1492 cauimus
647 1447 783 1489 littera
808 1444 856 1501 f,
914 1458 993 1499 qua
1030 1445 1207 1498 spatium
1243 1443 1467 1494 definitur,
1510 1447 1622 1498 quod
1660 1458 1706 1485 ea
1741 1446 1883 1486 celeri-

422 1524 502 1555 tate
536 1516 579 1555 iu
615 1523 702 1551 vno
737 1512 903 1551 minuto
938 1509 1113 1550 secundo
1150 1509 1335 1561 percurri
1368 1509 1510 1561 posset.
1587 1507 1778 1561 Denique
1812 1520 1887 1550 ve-

422 1589 474 1620 ro
511 1586 651 1616 motus
688 1573 896 1625 angularis
932 1572 974 1611 in
1007 1571 1130 1612 initio
1162 1570 1396 1622 defignatur
1430 1571 1568 1611 littera
1602 1567 1648 1622 ζ,
1701 1584 1779 1623 qua
1812 1585 1885 1612 an-

422 1639 543 1694 gulus
582 1640 817 1684 denotatur,
852 1638 925 1686 qui
959 1633 1035 1673 isto
1071 1643 1190 1675 motu
1227 1632 1414 1685 angulari
1450 1644 1641 1685 tempore
1662 1635 1783 1674 vnius
1804 1636 1888 1675 mi-

422 1706 513 1745 nuti
563 1700 729 1742 secundi
781 1699 1078 1738 absolueretur.
1143 1695 1224 1735 Hic
1259 1706 1397 1737 autem
1433 1697 1593 1749 semper
1643 1698 1886 1739 assumimus

420 1768 546 1808 istum
601 1775 765 1806 motum
817 1761 1058 1815 angularem
1094 1762 1134 1802 in
1171 1758 1330 1800 sensum
1367 1759 1512 1801 SAB
1547 1760 1626 1799 effe
1662 1761 1888 1813 directum3

423 1831 535 1871 vnde
570 1830 598 1870 si
642 1830 683 1870 in
736 1826 895 1867 sensum
948 1824 1197 1865 contrarium
1255 1834 1464 1875 vergeret,
1514 1822 1633 1862 valor
1668 1824 1830 1866 litterae
1858 1821 1889 1879 ζ

425 1893 641 1946 negati-uus
675 1891 779 1930 sumi
812 1890 988 1930 deberet.
1035 1887 1199 1941 Quibus
1219 1887 1368 1929 notatis
1403 1886 1667 1939 perspicuum
1696 1888 1766 1935 est,
1795 1901 1888 1928 mo·

428 1975 519 2005 tum
557 1962 754 2001 initialem
809 1959 855 1999 ad
907 1958 1041 1999 casum
1093 1958 1274 2010 primum
1311 1956 1452 1997 referri
1488 1956 1659 2005 debere,
1695 1957 1724 1997 s1
1759 1959 1888 2000 fuerit

419 2028 621 2091 Ῑ<αζ;
667 2031 714 2070 ad
750 2030 968 2070 secundum
1002 2041 1102 2071 vero
1137 2026 1173 2068 fi'
1201 2029 1328 2069 fuerit
1368 2026 1451 2082 f>
1475 2023 1565 2080 αζς
1621 2040 1666 2067 ac
1710 2027 1889 2082 denique

431 2105 482 2145 ad
516 2103 684 2143 tertium
721 2101 749 2141 sl
785 2100 909 2140 fuerit
936 2094 1130 2155 Ῑῑαζ.
1202 2098 1301 2153 Quo
1334 2109 1470 2138 autem
1507 2110 1651 2139 omnes
1686 2099 1780 2138 istae
1816 2097 1891 2141 va-'

432 2178 600 2216 rietates
637 2172 787 2213 clarius
838 2171 1013 2225 perspici
1059 2179 1232 2222 queant,
1285 2169 1457 2222 planum
1494 2166 1573 2209 IO
1610 2170 1792 2223 primum
1828 2169 1886 2209 as-

431 2250 640 2289 sumamus
675 2243 960 2295 horizontale‚
998 2243 1141 2284 deinde
1185 2253 1287 2284 vero
1327 2246 1366 2286 ei
1404 2243 1525 2284 talem
1570 2242 1888 2285 inclinationem

1816 2314 1895 2345 trt-
