2041 2738
936 212 1054 261 »22³ss
1115 205 1313 262 >300(
1373 209 1489 259 &323⁴-

480 332 595 380 parte
628 316 847 375 posteriori
880 318 1034 372 pariter
1066 315 1289 359 sinisterius
1326 327 1382 357 ex
1417 315 1498 357 bafi
1532 322 1671 358 aortae
1705 319 1897 364 oriuntur
1914 332 1930 375 ς

478 389 640 427 videtur
691 382 1002 424 interiectarum
1052 391 1095 422 et
1142 380 1513 422 circumflexarum
1547 378 1795 423 inferiorum
1831 397 1927 424 con.

478 448 635 490 strifflo
667 459 711 487 ea
744 447 910 488 ratione
945 444 1066 494 fieri,
1112 454 1160 484 vt
1206 442 1444 497 sangninem
1482 443 1580 482 coni
1615 443 1927 494 comprimendo

477 512 636 554 sursum
670 508 792 551 simul
824 510 963 550 versus
998 506 1204 550 orificium
1241 507 1486 548 arteriosum
1521 504 1786 560 compellant.

852 634 854 636 ’
886 634 1036 677 Fascia
1075 633 1312 691 infundibuli
1350 646 1508 687 magna.

666 697 903 744 Dimidium
947 700 996 741 ad
1040 699 1139 740 axin
1172 698 1348 740 diuisum
1384 707 1538 737 conum
1575 695 1661 737 fere
1695 696 1934 739 infundibu-

479 762 566 805 lum
605 764 745 811 refert,
781 762 890 816 quod
926 761 1051 802 fascia
1086 774 1237 816 magna
1269 760 1413 813 cingit,
1447 759 1706 814 superficiem
1741 761 1828 801 eius
1861 771 1934 801 ex-

480 831 677 868 teriorem
713 825 946 866 efficiendo.
1008 824 1144 866 Paries
1177 838 1277 879 ergo
1311 824 1492 865 anterior
1526 827 1592 863 ieu
1629 824 1813 876 superior
1833 834 1930 864 con·

477 900 612 930 vexus
646 890 756 930 solus
790 887 1042 929 infundibuli
1075 888 1201 928 fascia
1233 887 1454 939 constringi
1489 886 1634 939 potest.
1672 885 1820 938 Neque
1838 897 1934 926 mo·

477 951 572 993 bilis
626 953 727 993 bafis
778 951 1000 993 ventriculi
1049 952 1125 991 effe
1173 951 1338 1005 videtur
1371 951 1422 990 ad
1457 948 1572 989 filum
1609 949 1931 1000 cartilagineum

478 1018 686 1067 anterius3
735 1026 783 1056 vt
815 1015 965 1061 omnis,
1000 1014 1073 1065 qui
1105 1014 1391 1054 cont-rastione
1425 1011 1625 1052 fibrarum
1661 1011 1807 1052 fasciae
1840 1009 1933 1050 effi·

479 1078 589 1118 citur
621 1075 759 1118 rnotus
792 1079 836 1117 in
872 1077 1069 1128 marginis
1103 1075 1280 1116 bafiiaris
1313 1074 1524 1115 constricti
1562 1073 1931 1125 approximatione

478 1150 521 1181 et
555 1141 835 1195 applicatione
869 1139 918 1178 ad
953 1140 1111 1192 septum
1147 1148 1190 1179 et
1223 1138 1274 1179 ad
1308 1137 1501 1190 parietes,
1522 1136 1780 1188 superiorem
1805 1145 1847 1176 et
1870 1135 1935 1176 iu:-

476 1203 691 1252 seriorem‚
724 1201 956 1245 commetos
991 1201 1210 1252 consistat,
1245 1199 1598 1254 quemadmodum
1634 1200 1678 1240 in
1713 1198 1938 1252 superiori-

478 1270 554 1310 bus
603 1267 759 1308 dic'ium
811 1266 882 1306 est.
965 1263 1009 1307 Si
1061 1276 1200 1305 tamen
1246 1264 1366 1304 filum
1401 1261 1717 1318 cartilagineum
1751 1262 1932 1302 anterius

479 1329 673 1371 trae‘tioni
706 1328 904 1370 fibrarum
941 1327 1173 1369 bafilarium
1211 1324 1427 1381 pauluiun'i
1460 1324 1599 1372 cedit,
1634 1325 1687 1372 id,
1722 1337 1816 1365 curn
1852 1323 1937 1363 ses-

479 1391 728 1445 quialterum
780 1390 978 1442 pollicem
1031 1388 1142 1440 quasi
1189 1389 1361 1428 inferius
1395 1387 1582 1437 margine
1617 1386 1774 1426 bafilari
1810 1386 1932 1428 situm

479 1454 528 1495 fit
563 1453 696 1501 filum,
734 1453 908 1493 minime
940 1450 1101 1492 obstare
1133 1451 1283 1503 potest,
1316 1461 1402 1502 quo
1438 1450 1588 1497 minus,
1626 1458 1668 1488 et
1702 1448 1766 1487 his
1792 1447 1936 1488 bafila·

477 1517 592 1558 ribus
610 1517 807 1557 fibrarum
828 1514 975 1554 fasciae
995 1511 1192 1563 partibus,
1229 1522 1269 1550 et
1293 1513 1359 1561 iis,
1375 1523 1477 1561 quae
1497 1512 1539 1547 in
1559 1510 1809 1561 superiorem
1830 1523 1933 1551 ven-

478 1579 614 1620 triculi
649 1576 906 1630 superficiem
941 1576 1175 1622 transeunt,
1213 1584 1360 1624 margo
1395 1570 1573 1611 bafilaris
1603 1571 1794 1611 deorsum
1827 1571 1936 1612 obli·

479 1655 559 1696 que
597 1652 638 1683 et
672 1639 938 1681 finisti-orsum
975 1635 1177 1687 simulque
1211 1635 1445 1675 antrorsum
1485 1642 1718 1674 moueatur.
1792 1634 1838 1674 Id
1875 1633 1937 1676 so-

478 1706 601 1754 lum,
642 1705 671 1745 fi
706 1703 823 1743 filum
860 1713 954 1741 cum
992 1698 1073 1740 basi
1107 1698 1314 1739 auriculae
1349 1697 1458 1738 cedit
1481 1725 1494 1744 ‚
1530 1694 1764 1745 efficietur,
1800 1707 1849 1737 vt
1881 1709 1934 1737 eo

478 1770 612 1822 magis
645 1766 881 1808 antrorsum
913 1764 1055 1804 versus
1086 1762 1249 1814 apicem
1286 1761 1423 1800 cordis
1458 1772 1602 1811 margo
1636 1760 1813 1800 bafilaris
1837 1773 1937 1815 pro-

480 1842 717 1873 moueatur,
783 1826 965 1868 Proinde
1018 1837 1124 1877 quae
1175 1825 1391 1877 completa
1440 1824 1568 1862 totius
1618 1822 1786 1863 luminis
1831 1835 1933 1865 con-

479 1896 634 1935 striCtio
675 1893 766 1933 fieri
812 1891 855 1931 in
910 1891 1028 1943 apice
1064 1889 1160 1928 coni
1197 1897 1239 1927 et
1273 1889 1314 1926 in
1350 1885 1513 1926 orificio
1548 1886 1746 1925 arterioso
1776 1886 1932 1926 ventri·

481 1959 563 1997 culi
607 1958 800 2002 videtur,
851 1964 953 2005 quae
995 1951 1131 1990 minus
1166 1950 1375 2003 completa
1409 1948 1644 1989 constnc‘tio
1679 1949 1848 1991 luminis
1883 1948 1933 1990 ad-

482 2020 578 2059 coni
610 2019 741 2067 basin,
790 2028 836 2055 ea
870 2015 976 2056 aeno
1010 2014 1052 2052 in
1085 2024 1206 2065 parte
1237 2014 1319 2052 iam
1356 2012 1735 2054 infundibulifi)rmi
1776 2011 1931 2064 margi·

480 2085 543 2123 nis
594 2081 768 2121 bafilaris
819 2077 982 2130 obliqua
1034 2076 1225 2116 adduCtio
1273 2076 1320 2115 ad
1358 2075 1514 2127 septum
1552 2075 1622 2114 est.
1699 2075 1764 2114 Eo
1802 2075 1930 2127 magis

480 2155 621 2184 autem
674 2140 849 2197 pulchra
902 2139 1001 2180 haec
1046 2140 1143 2179 coni
1186 2138 1465 2189 marginisque
1514 2136 1693 2177 bafilaris
1732 2139 1931 2178 titudiura

480 2218 660 2250 externa.
693 2216 733 2247 et
765 2205 873 2246 acilo
908 2203 1130 2245 ssrusturae
1166 2200 1303 2242 notari
1334 2210 1550 2252 metetur,
1596 2212 1693 2242 cum
1733 2202 1931 2247 internas,

1191 2270 1198 2279 ¹
1887 2263 1933 2302 in
