2041 2738
615 253 730 303 ”³04⁵
793 247 989 309 im(
1055 251 1170 303 Q<-

340 367 376 417 ξ.
415 365 487 410 16.
548 361 710 407 Verum
762 377 893 420 quum
945 365 1069 408 facile
1115 364 1205 407 fieri
1240 372 1386 418 queat,
1437 373 1484 406 vt
1520 376 1625 417 quae

156 435 244 478 iam
277 428 516 472 ratiocinati
548 433 713 484 sumus,
748 443 833 472 non
860 431 952 472 satis
981 429 1199 485 perspicua
1233 431 1476 479 videantur,
1513 428 1624 469 aliud

155 505 450 550 argumentum
486 507 795 550 proponamus,
846 508 932 548 quo
983 487 1052 536 res'
1087 504 1208 536 extra
1252 506 1423 536 omnem
1462 493 1626 533 dubita-

155 561 284 603 tionis
319 561 450 603 aleam
504 569 700 614 ponatur.
790 558 903 614 Quia
938 559 1066 613 igitur
1119 558 1430 602 obseruationes
1482 557 1625 599 diebus

155 638 200 677 2,
241 637 314 675 12,
351 638 410 678 29
437 623 551 678 Aug.
583 634 626 665 et
664 637 683 662 1
726 619 901 666 octobr.
937 624 1174 673 institutae,
1225 623 1317 663 illae
1354 625 1469 671 sunt,
1521 635 1623 675 quas

152 692 198 734 in
224 691 374 734 nostris
399 686 755 747 disquisitionibus
784 687 1006 742 praecipue
1029 688 1306 741 contemplati
1333 690 1496 736 sumus,
1524 699 1624 728 exa-

152 756 317 798 minare
344 753 544 810 placebit,
577 750 718 805 quales
747 752 1013 806 reperiantur
1042 751 1326 793 conclusiones
1359 766 1437 806 pro
1472 762 1623 805 quarta

150 820 302 863 harum
339 816 702 865 obseruationum,
752 817 854 858 dum
890 818 1020 858 tribus
1070 817 1295 858 earundem
1343 829 1504 858 errores
1542 829 1625 858 non

150 883 318 940 prorsus
348 881 754 922 averisimilitudine
790 880 1032 922 abludentes
1063 882 1320 924 tribuuntur.
1373 880 1417 923 Si
1450 881 1624 934 quidem

150 960 255 992 vero
288 945 441 989 Mense
484 945 660 1000 Augusti
708 948 820 988 circa
869 945 983 986 hunc
1035 942 1264 987 Cometam
1318 945 1405 987 fere
1458 945 1624 1000 siugulis

149 1013 289 1057 diebus
324 1024 348 1052 a
381 1006 528 1052 Celeb.
568 1009 725 1063 Meffier
758 1010 1013 1066 multiplices
1065 1010 1272 1053 institutae
1307 1011 1399 1050 sunt
1436 1010 1627 1052 obserua-

149 1078 314 1126 tiones,
366 1086 531 1117 errores
583 1076 652 1127 qui
706 1074 1060 1117 obseruationibus
1103 1075 1186 1116 hoc
1237 1074 1375 1116 mense
1427 1075 1622 1116 institutis

150 1142 278 1185 inesse
312 1140 500 1193 possunt,
549 1138 634 1179 siue
667 1138 860 1193 pofitiui,
913 1140 995 1180 siue
1033 1142 1217 1193 negatiui
1255 1139 1510 1183 statuantur,
1548 1139 1625 1179 vix

148 1207 227 1248 tria
263 1207 424 1246 minuta
460 1204 598 1258 prima
644 1205 853 1246 excedere
904 1214 1119 1258 poterunt.
1191 1201 1445 1246 Obseruatio
1481 1214 1624 1244 autem

147 1270 217 1314 die
257 1281 276 1309 1
317 1266 495 1310 Octobr.
546 1277 757 1321 vtcunque
809 1268 935 1310 dubia
981 1270 1060 1311 effe
1112 1271 1301 1322 poterit,
1355 1278 1494 1310 tamen
1549 1268 1626 1310 vix

147 1335 373 1389 quisquam
410 1331 483 1374 sibi
518 1332 804 1388 persuadebit,
837 1345 1033 1376 errorem
1066 1345 1152 1387 quo
1184 1333 1255 1375 illa
1282 1331 1463 1374 afficitur
1499 1333 1623 1386 quin-

145 1400 283 1443 decim
321 1399 484 1439 minuta
518 1399 679 1450 prima,
714 1398 932 1438 excedere.
999 1397 1290 1451 Supponamus
1326 1398 1455 1450 igitur
1487 1397 1623 1438 obscr-

145 1463 316 1504 vatione
364 1461 430 1503 die
472 1473 491 1500 1
532 1457 711 1503 Oecobr.
766 1460 892 1502 fictae
938 1473 1126 1501 errorem
1180 1461 1304 1501 inesse
1364 1473 1415 1510 15
1459 1462 1622 1503 Minut.

146 1527 324 1581 prirnor.
359 1525 585 1579 pofitiuum
606 1554 618 1573 ,
651 1525 708 1564 ita
742 1536 788 1564 vt
823 1525 922 1566 haec
963 1525 1202 1565 obseruatio
1239 1525 1377 1565 locum
1415 1523 1621 1566 Cometae

146 1593 363 1644 suppetere
397 1586 595 1627 debuiffet
630 1585 681 1636 4³.
715 1589 774 1636 9⁰.
815 1588 911 1639 57¹3
954 1597 1131 1641 tumque
1166 1588 1391 1628 statuamus
1426 1588 1622 1630 obserua-

148 1653 336 1709 tionibus
368 1650 470 1692 dier.
507 1661 534 1688 2
570 1658 612 1691 et
645 1661 702 1699 29
738 1649 850 1704 Aug.
884 1663 1043 1693 errores
1077 1652 1204 1692 trium
1242 1653 1401 1693 minut:
1460 1652 1621 1705 primo.

146 1730 241 1761 rum
276 1716 401 1757 ineffe
450 1713 534 1757 fiue
583 1714 807 1768 pofitiuos,
856 1715 940 1757 fiue
976 1715 1206 1768 negatiuos,
1240 1727 1282 1757 et
1325 1717 1618 1758 examinemus

146 1780 290 1836 quales
340 1791 504 1822 errores
558 1778 658 1820 hinc
709 1779 989 1821 obseruationi
1042 1781 1110 1821 die
1150 1794 1206 1822 12
1244 1780 1356 1834 Aug.
1410 1781 1619 1823 institutae

145 1847 404 1889 inducantur.
470 1842 664 1898 Quatuor
701 1844 830 1898 igitur
865 1845 1120 1899 hypotheses
1155 1846 1248 1888 heic
1298 1845 1616 1888 considerandae

143 1911 243 1955 istae
274 1909 390 1963 sunt,
424 1907 574 1962 quibus
609 1908 932 1964 supponuntur:

401 2004 569 2059 Longit.
604 2002 825 2047 Cometae.
1091 2007 1264 2061 Longit.
1301 2004 1522 2049 Cornetae.

279 2090 304 2117 2
326 2076 434 2132 Aug.
463 2080 511 2128 3³.
549 2081 603 2129 5⁰.
628 2079 711 2130 59¹.
738 2079 815 2128 30¹¹
975 2080 1119 2137 2Aug.
1141 2082 1194 2131 3³.
1249 2085 1303 2132 5⁰.
1321 2080 1497 2131 59‘.30¹‘

249 2155 306 2194 29
328 2141 438 2196 Aug.
460 2155 501 2193 3.
524 2156 596 2187 20.
635 2155 705 2196 57.
769 2098 890 2183 0}1
939 2147 1117 2201 29Aug.
1140 2159 1180 2196 3.
1217 2159 1288 2189 21.
1351 2160 1391 2196 3.
1446 2105 1515 2184 οξ
1549 2112 1588 2153 Π

148 2265 228 2312 Pro
281 2234 307 2261 2
327 2220 436 2275 Aug.
459 2233 501 2271 3.
554 2224 595 2264 6.
665 2233 706 2272 5.
739 2233 796 2272 30
822 2241 918 2324 }HI
976 2223 1128 2278 2Aug,
1154 2235 1192 2270 3·
1255 2227 1297 2263 6.
1362 2233 1400 2270 5.
1423 2233 1480 2271 3ο
1504 2246 1522 2327 ξ
1544 2253 1610 2296 IV

247 2297 307 2340 29
331 2284 441 2342 Aug.
463 2296 503 2338 3.
526 2297 599 2331 2ο.
640 2297 712 2340 57.
771 2297 800 2327 0
949 2298 1005 2336 29
1022 2287 1130 2342 Aug.
1154 2300 1194 2338 3·
1226 2297 1297 2328 21.
1358 2299 1398 2336 3.
1453 2300 1480 2326 0
1613 2288 1623 2298 ·

844 2363 925 2409 Zz
961 2379 986 2406 2
1476 2369 1508 2418 §.
1549 2378 1618 2418 17.

149 2124 228 2167 pro
