2041 2738
581 239 704 293 «³5³.ss
767 234 912 295 >319
950 238 968 298 (
1025 239 1146 294 5:02⁴·-

128 352 284 398 emori.
351 350 468 394 Mihi
508 351 726 407 proposita
769 356 959 408 praemia
1003 351 1083 393 vix
1117 354 1286 395 tandem
1319 349 1467 393 viuum
1507 349 1596 392 ani-

135 418 220 460 mal
263 418 454 461 Samarae
489 416 711 471 aliquoties
759 425 1125 472 procui-auerunt,
1179 416 1300 470 quale
1336 415 1463 456 semel
1496 416 1589 456 satis

133 482 205 523 diu
250 482 446 536 superstes
481 480 643 524 seruaui
664 509 676 531 ,
727 491 775 524 vt
804 480 982 523 fibulam
1018 493 1042 521 a
1081 480 1212 536 vulgo
1247 480 1405 523 narrari
1439 478 1595 521 confir-

128 555 329 588 manent.

320 670 551 713 Perhibent
602 671 734 713 etiam
782 670 1008 725 piscatores
1056 673 1167 714 inter
1199 670 1310 720 alia,
1360 683 1464 725 quae
1492 671 1598 714 afalsa

136 736 420 791 deprehendi,
468 733 667 789 pabulum
706 733 862 776 Soricis
916 735 1119 776 moschati
1163 737 1252 776 -est'e
1296 746 1352 775 ex
1387 735 1520 776 Acori
1553 745 1599 779 et

130 799 408 854 Nymphaeae
443 797 648 840 radicibus
684 808 728 840 et
764 798 891 840 foliis.
958 798 1051 853 Ego
1086 810 1224 841 tamen
1263 799 1304 838 in
1330 798 1597 840 diffee‘torum

133 862 396 911 ventriculis,
428 872 592 916 praeter
626 862 875 912 Hirudines,
911 862 1192 917 Tipularum,
1227 861 1595 913 Phryganearum,

128 927 312 980 aliasque
344 926 491 975 iai-uzu,
523 936 564 967 et
599 926 818 969 immixtas
852 925 1025 969 fortuito
1040 928 1255 975 radiculas,
1286 925 1389 965 nihil
1411 937 1596 978 vnquam

127 991 305 1043 :inueni3
359 992 501 1033 ,immo
553 990 801 1044 sulphureus
851 993 961 1035 odor
1009 992 1321 1033 interaneorum
1367 989 1594 1032 animalem

128 1054 319 1097 {diaetam
353 1054 561 1097 euidenter
593 1056 748 1108 arguit.

323 1183 372 1227 In
416 1184 520 1225 viuo
563 1183 710 1227 Sorice
744 1183 965 1227 moschato
998 1194 1082 1224 non
1117 1182 1235 1237 potui
1273 1180 1364 1221 satis
1400 1181 1595 1224 admira-ri

137 1246 359 1297 animalis,
391 1245 583 1302 adspestu
624 1249 736 1290 brut-i
772 1257 814 1290 et
849 1247 1023 1296 inertis,
1060 1257 1197 1289 motus
1230 1244 1465 1287 inconditos
1496 1246 1594 1297 qui·

126 1312 256 1361 dem,
291 1312 355 1353 sed
391 1311 718 1366 promptissimos
753 1321 796 1353 et
828 1313 915 1352 fere
950 1311 1186 1352 continuos.
1254 1309 1446 1350 Rostrum
1470 1321 1597 1362 <prae-

125 1374 302 1424 sertim,
334 1377 431 1417 dum
469 1375 615 1427 vigilat
638 1405 648 1424 ‚
701 1376 864 1415 summa
898 1374 1123 1415 velocitate
1150 1374 1490 1425 quaquauersum
1528 1373 1592 1415 in-

129 1448 305 1487 curuat‚
357 1437 633 1490 citiffirneque
680 1437 807 1480 obuia
853 1449 1042 1490 quaeque
1076 1445 1287 1490 pertentat
1321 1446 1364 1476 et
1398 1436 1594 1489 explorat

132 1501 242 1543 taciu
278 1503 432 1554 pariter
464 1510 508 1541 et
545 1495 699 1542 olfastu
735 1501 1005 1545 neruofiffimi
1043 1500 1165 1542 huius
1200 1501 1378 1552 organi,
1428 1500 1469 1539 in
1508 1513 1594 1553 quo

132 1564 244 1616 quasi
278 1565 437 1603 sensum
471 1563 664 1603 animalis
698 1575 869 1603 omnem
908 1564 1189 1603 concentraffe
1225 1564 1393 1602 videtur
1432 1573 1593 1604 natura.

131 1626 294 1668 Auditu
346 1635 491 1666 contra
544 1636 628 1666 non
679 1625 907 1667 admodum
957 1636 1105 1678 arguto
1146 1624 1304 1680 pollere
1343 1625 1445 1667 mihi
1483 1627 1592 1667 visus

129 1689 207 1740 est3
240 1689 368 1741 oculis
405 1700 507 1729 vero
542 1689 841 1740 minutiffimis‚
886 1689 1073 1743 quamuis
1109 1687 1270 1743 semper
1303 1698 1419 1730 extra
1454 1689 1596 1743 palpe-

128 1756 223 1795 bras
278 1754 533 1806 turgentibus
556 1781 567 1801 ‚
618 1753 695 1793 vix
737 1755 963 1806 quidquam
1011 1753 1083 1794 nifi
1118 1753 1220 1794 lucis
1253 1762 1293 1793 et
1327 1753 1589 1795 tenebrarum

131 1817 355 1858 discrimen
392 1817 606 1870 percipere
640 1816 741 1858 illud
779 1819 890 1872 poffe
924 1817 1019 1859 satis
1056 1827 1197 1857 certus
1231 1817 1304 1856 sui.
1374 1816 1420 1856 In
1462 1818 1591 1858 rostro

135 1879 387 1922 acutiflimus
422 1881 553 1920 sensus
591 1889 635 1920 et
670 1881 718 1921 ad
750 1881 899 1922 omnia
936 1891 1132 1934 paratus:
1167 1880 1374 1932 -Mystaces
1403 1881 1595 1935 ‘superio--

134 1945 191 1985 ris
228 1943 522 1996 inferiorisque
557 1944 781 1993 maxillae,
816 1945 915 1985 dum
951 1946 990 1986 in
1028 1955 1147 1984 motu
1182 1945 1237 1985 est
1271 1944 1449 1994 animal,
1484 1947 1590 1985 sem-

136 2020 210 2062 per
262 2006 494 2048 antrorsum
532 2007 666 2060 rigent
703 2018 746 2048 et
783 2008 990 2061 sphaeram
1028 2008 1251 2048 senfilitatis
1285 2007 1407 2048 huius
1441 2011 1589 2062 organi

134 2071 384 2125 ampliorem
422 2070 532 2123 quasi
567 2073 754 2114 reddunt.
827 2070 1080 2124 Vbicunque
1117 2072 1153 2112 se
1191 2073 1300 2125 tangi
1335 2071 1473 2121 senfit,
1519 2086 1590 2113 ro·

133 2135 263 2176 strum
299 2134 429 2176 statim
465 2134 563 2175 illuc
592 2137 742 2188 dirigit
778 2144 820 2175 et
852 2136 1048 2189 explorat
1080 2139 1255 2185 omnia,
1307 2136 1482 2175 minime
1518 2137 1591 2191 (vt

134 2197 329 2253 videtur)
365 2198 601 2253 trepidum..
669 2199 919 2253 Aegerrime
952 2201 1035 2242 ἣτε
1056 2230 1068 2253 ,
1120 2199 1150 2241 si
1185 2200 1320 2241 durius
1353 2200 1588 2253 percussum

1512 2263 1592 2304 suit
