2041 2738
856 200 979 257 ὐεεὲἐ
1041 200 1058 257 )
1097 208 1187 254 236
1221 201 1240 259 (
1301 191 1419 253 53:3⁴3-

415 311 634 369 cellulosas
666 329 733 361 eas
767 313 954 366 fibrillas‚
989 314 1112 357 fibras
1148 315 1286 357 cordis
1318 296 1623 362 connecstentes‚
1642 316 1743 370 effe3
1773 321 1864 373 qui.

417 386 492 427 bus
529 395 666 427 tamen
701 381 869 425 vberius
902 392 990 421 rem
1028 382 1131 438 adeo
1166 379 1423 438 manifestam
1461 378 1740 425 demonstrare
1774 387 1885 425 orn·⁴

418 449 521 493 nino
554 448 666 492 haud
696 458 852 502 operae
885 447 1071 500 pretium
1110 446 1190 485 effe
1222 443 1428 486 existimo.
1598 442 1601 444 ’

605 573 823 618 Fibrarum
866 584 996 615 nexus
1023 579 1102 628 per
1135 571 1379 619 coalitionem
1414 571 1690 614 inordinatam.

610 652 733 697 Alius
777 653 959 703 modus,
1008 665 1095 706 quo
1136 652 1314 706 fingulae
1358 654 1483 694 fibrae
1525 654 1661 695 cordis
1695 652 1804 693 inter
1839 650 1878 692 se

424 719 673 768 cohaerent,
723 716 804 768 est,
837 717 939 759 dum
974 715 1122 765 fibrae,
1157 730 1261 769 quae
1297 731 1373 770 per
1407 717 1588 771 aliquam
1626 717 1715 758 suae
1749 715 1880 768 longi·

423 785 580 827 tudinis
613 790 779 836 partem
812 779 1024 822 distinctae
1058 780 1253 822 haetenus
1286 780 1472 836 fuerunt,
1518 794 1627 822 nunc
1662 780 1880 823 confluunt

425 858 471 891 et
518 845 785 892 coalescunt,
839 855 1051 898 vnamque
1099 845 1211 898 quafi
1255 843 1400 886 fibram
1451 845 1642 886 latiorem
1678 843 1878 885 efficiunt.

425 909 523 954 Vix
556 907 866 963 infrequentior
899 908 973 949 iste
1006 907 1080 950 illo
1113 920 1226 950 nexu
1261 910 1339 949 esse
1373 909 1560 962 videtur,
1600 920 1686 962 quo
1718 906 1882 948 fibrinis

425 976 556 1020 fibrae
598 974 708 1016 inter
749 972 790 1012 se
835 972 1075 1024 iunguntur.
1142 969 1345 1013 Occurrit
1390 974 1434 1011 in
1475 971 1587 1012 fibxis
1622 970 1891 1025 angularibus.

427 1036 652 1080 ventriculi
695 1035 835 1075 dextri
870 1034 949 1086 [a]
977 1035 1201 1087 imprimis
1245 1035 1289 1075 in
1335 1035 1473 1076 fasciis
1526 1035 1651 1088 partis
1701 1033 1883 1075 infundi·

429 1099 669 1144 buliformis
712 1095 793 1148 [b]
844 1106 885 1136 et
926 1096 1112 1137 maxime
1147 1097 1188 1136 in
1226 1097 1275 1136 iis
1310 1096 1458 1138 sinistri
1490 1096 1714 1137 ventriculi
1744 1095 1890 1145 fibris,

429 1177 554 1220 quae,
589 1177 612 1203 a
645 1160 762 1214 septo
794 1167 939 1209 ortae,
974 1159 1231 1213 superiorem
1267 1160 1354 1202 eius
1389 1158 1644 1214 superficiem
1678 1165 1888 1213 occupant

429 1230 608 1286 propius
641 1225 757 1278 septo
790 1222 889 1275 [c];
942 1225 1013 1266 vbi
1058 1225 1302 1265 continuam
1349 1224 1391 1264 in
1437 1224 1579 1264 multis
1613 1223 1768 1266 sedibus
1801 1234 1892 1264 cat·

433 1305 531 1336 nem
577 1287 786 1335 efficiunt,
822 1287 898 1326 vix
938 1285 1051 1329 fibris
1083 1286 1177 1328 vilis
1197 1318 1208 1336 ‚
1258 1296 1328 1327 aut
1361 1287 1519 1330 fibrillis
1551 1287 1795 1333 visibilibus,
1826 1286 1892 1328 di-

438 1355 642 1399 stinctam,
711 1348 953 1391 Maximam
1007 1349 1111 1390 haec
1161 1350 1435 1402 complicatio
1478 1360 1519 1390 et
1563 1349 1737 1389 coalitio
1770 1347 1888 1389 fibra-

438 1432 534 1464 rum
569 1417 612 1458 in
650 1412 927 1455 delineatione
971 1424 1114 1452 earum
1151 1422 1194 1453 et
1225 1412 1466 1454 definitione
1499 1411 1783 1453 difficultatem
1820 1424 1889 1465 pa-

438 1485 523 1535 εἰν,
567 1492 663 1522 cum
707 1476 831 1516 vllius
866 1476 939 1516 vix
972 1475 1096 1518 fibrae
1130 1478 1179 1518 ad
1213 1477 1395 1528 aliquam
1428 1477 1735 1528 longitudinem
1771 1486 1894 1515 nota-

442 1548 571 1591 bilem
607 1553 734 1593 vsque
767 1547 924 1581 certam
958 1539 1100 1577 videas
1134 1539 1494 1579 continuationem
1535 1539 1641 1588 effe,
1686 1549 1762 1576 nec
1792 1540 1896 1578 duc-

445 1619 569 1659 tum,
618 1617 704 1657 quo
746 1601 1064 1656 progrediatur3
1109 1613 1290 1654 cumque
1333 1600 1430 1641 alias
1465 1601 1567 1642 oriri
1585 1630 1599 1648 ‚.
1649 1612 1898 1641 euanescere

442 1674 563 1722 alias,
596 1669 763 1718 videas,
797 1677 895 1714 nec,
929 1663 998 1706 vbi
1032 1667 1222 1706 oriantur
1255 1674 1323 1705 aut
1358 1675 1618 1711 euanescaut,
1652 1674 1761 1705 certe
1795 1675 1896 1705 co-n-

445 1739 535 1781 stet.
599 1733 743 1785 anue
773 1729 856 1784 ipsa
888 1727 1160 1781 complicatio
1194 1729 1273 1777 est,
1320 1742 1423 1779 quae
1465 1730 1507 1770 in
1545 1728 1608 1769 his
1642 1728 1760 1769 distis
1795 1726 1898 1768 fedi-

446 1804 524 1846 bus
557 1801 640 1842 non
677 1794 824 1843 solum,
859 1792 929 1834 vbi
964 1793 1176 1848 imprimis
1208 1804 1366 1846 regnat,
1401 1793 1464 1833 sed
1493 1791 1587 1833 alibi
1607 1803 1793 1844 quoque,
1824 1791 1898 1833 vbi

451 1867 589 1907 mixta
636 1871 729 1902 cum
775 1857 862 1898 aliis
909 1868 1042 1899 nexus
1085 1855 1220 1898 modis
1254 1858 1496 1906 inuenitur,
1549 1858 1671 1897 etiam
1710 1855 1812 1894 dum
1847 1856 1901 1897 ab

449 1929 517 1972 his
552 1937 637 1966 non
683 1922 774 1963 satis
808 1920 1064 1967 disternitur,
1095 1922 1326 1963 maximam
1362 1917 1578 1961 definiendi
1612 1917 1899 1961 difficultatem

452 2001 495 2035 et
528 1985 865 2033 incertitudinem
900 1981 1061 2025 adferre
1096 1983 1209 2025 soler.
1918 1982 1921 1985 ·

1826 2050 1904 2089 Per

489 2183 581 2232 [a]
628 2180 713 2217 Ταῦ.
741 2180 769 2221 I.
796 2189 844 2226 250
869 2190 920 2223 29.

500 2241 579 2290 [b]
629 2238 714 2274 Tab.
741 2238 772 2277 l,
799 2243 830 2277 8.
855 2247 899 2278 ¹3-
948 2260 952 2266 i

499 2299 572 2346 [ε]
620 2295 707 2333 Tab·
733 2295 762 2330 1·
789 2303 840 2340 94-
868 2304 918 2339 95·
944 2295 1002 2340 9⁶·
