2041 2738
625 250 741 310 ὸεὲεῑέ
803 252 819 314 )
859 257 948 308 365
985 253 1003 314 (
1062 256 1178 310 ἔξω

161 384 206 416 re
239 371 388 414 debere
439 369 549 412 inter
600 370 880 414 conclusiones
917 383 972 412 ex
1008 369 1154 412 nostris
1191 367 1357 412 calculis
1405 367 1631 421 deductas,

160 438 342 490 ideoque
395 436 724 490 Longitudinem
782 448 860 489 pro
899 449 952 477 12
989 433 1098 488 Aug.
1153 447 1207 476 ex
1260 435 1342 476 istis
1397 432 1630 477 Elementis

158 503 380 545 neceffario
432 503 635 542 maiorem
690 501 857 555 prodire
910 500 1086 551 debere,
1141 511 1267 554 quam
1315 498 1365 549 3⁹.
1409 502 1492 540 10⁶.
1533 497 1632 553 46¹3

156 566 271 608 'vnde
307 578 475 621 quoque
509 566 723 620 colligitur
758 579 836 620 pro
871 575 1050 617 quatuor
1100 565 1249 607 nostris
1303 563 1630 617 hypothesibus,

158 643 349 673 errorem
384 632 457 684 qui
491 630 588 672 huic
626 630 908 672 obseruationi
945 631 1159 670 inducitur
1200 643 1251 671 12
1288 628 1457 670 Minuta
1492 631 1631 683 prima

157 707 272 737 certe
325 699 536 750 superare;
593 694 759 746 qualem
810 706 999 734 errorem
1036 695 1112 735 vix
1149 694 1356 747 quispiam
1400 706 1503 736 ⁴cuin
1542 694 1628 736 vlla

156 759 534 803 verisimilitudinis
577 759 711 812 specie
747 757 846 798 huic
897 758 1182 798 obseruationi
1222 757 1401 799 tribuere
1454 761 1627 810 poterit.
1673 801 1677 806 ,

153 823 273 866 Tum
310 836 414 864 vero
444 836 499 864 ex
539 823 687 863 nostris
723 823 899 864 calculis
936 823 1178 876 colligitur,
1214 823 1326 878 quod
1362 822 1521 863 etiamst
1558 823 1629 864 ob-

154 889 377 930 seruationi
414 888 478 930 die
517 900 572 937 29
607 886 720 942 Aug.
758 889 963 930 institutae
998 889 1174 929 maiores
1230 887 1467 929 tribuantur
1514 900 1630 928 erro-

153 965 219 994 res
253 953 339 994 fiuev
370 953 569 1006 pomini,
604 954 686 1008 fiue
727 953 940 1008 negatiui,
989 962 1138 1007 vtpote
1176 953 1244 992 sex
1285 953 1433 995 minut,
1473 953 1632 1005 primo-

151 1016 275 1066 rum,
311 1018 441 1058 modo
475 1030 638 1060 errores
675 1017 748 1070 qui
784 1017 1068 1059 obseruationi
1105 1017 1169 1057 die
1207 1031 1229 1056 2
1273 1015 1384 1069 Aug.
1422 1016 1631 1057 institutae

152 1082 292 1122 insunt
329 1081 492 1123 limites
530 1083 807 1135 praescriptos
846 1094 930 1120 non
966 1081 1193 1131 excedant,
1228 1094 1413 1122 errorem
1454 1095 1530 1134 pro
1558 1081 1632 1120 ob-

153 1145 391 1188 seruatione
445 1148 511 1187 die
552 1159 604 1185 12
643 1145 754 1198 Aug.
792 1146 895 1187 fac'ta
932 1145 1035 1187 infra
1075 1159 1129 1184 12
1168 1145 1323 1187 Minut.
1364 1147 1498 1198 prima
1547 1157 1632 1183 non

152 1210 338 1264 deprimi
390 1212 512 1264 posse.
599 1205 740 1251 lmtno
793 1224 892 1251 vero
929 1211 1026 1266 quia
1063 1211 1240 1251 variatio
1291 1212 1360 1250 sex
1414 1210 1632 1252 minutor:

152 1276 394 1329 primorum
441 1289 518 1329 pro
568 1267 665 1316 loco
701 1274 905 1317 cometae
940 1277 1003 1317 die
1045 1288 1067 1314 2
1107 1276 1216 1328 Aug.
1257 1288 1341 1315 non
1381 1274 1452 1314 nisi
1491 1275 1627 1315 varia-

151 1340 314 1380 tionem
353 1339 479 1380 trium
520 1343 780 1380 minutorum
818 1354 898 1394 pro
933 1340 1027 1382 loco
1062 1340 1148 1379 eius
1184 1341 1249 1380 die
1293 1353 1344 1378 ιε
1386 1340 1495 1392 Aug.
1532 1352 1627 1393 pro-

150 1404 301 1451 ducat,
340 1403 458 1443 facile
499 1406 739 1457 perspicitur
775 1405 918 1454 quodsi
956 1405 1197 1455 Longitudo
1236 1401 1444 1443 Cometae
1482 1415 1560 1456 pro
1602 1417 1625 1442 2

149 1466 263 1519 Aug.
300 1466 408 1507 vltra
460 1478 632 1508 omnem
688 1467 1096 1509 verisimilitudinem
1151 1468 1221 1508 sex
1261 1468 1433 1508 minutis
1482 1469 1629 1520 primis

151 1532 439 1577 minueretur,
474 1541 613 1569 tamen
650 1531 930 1570 obseruationi
967 1532 1044 1571 diei
1087 1543 1141 1568 12
1182 1531 1277 1582 Aug
1329 1531 1468 1571 saltem
1515 1545 1630 1574 cri-o-

151 1606 242 1635 rem
286 1605 342 1632 10
372 1591 528 1632 Minut.
562 1594 796 1646 primorum
832 1594 955 1633 inesse
993 1592 1158 1634 deb-21:1².
1233 1594 1340 1633 Hinc
1379 1594 1515 1646 itaque
1553 1609 1628 1635 ne—

151 1657 318 1700 cessaria
352 1657 650 1708 consequentia
684 1657 755 1696 issa
789 1658 1009 1699 deducitur
1044 1657 1274 1697 conclusio:
1329 1659 1434 1710 quod
1473 1659 1513 1713 fi
1553 1669 1624 1713 pro

150 1721 417 1777 obseruatione
452 1720 514 1760 die
555 1734 573 1760 1
612 1720 777 1762 oaobr.
805 1721 924 1777 jafft'a
960 1721 1201 1762 admittatur
1235 1735 1342 1763 error
1383 1735 1435 1771 15
1475 1723 1621 1764 Minut.

145 1787 364 1843 primorum
390 1785 606 1840 pofitiuus,
641 1796 679 1827 ec
707 1785 745 1843 fi
779 1785 1122 1839 obseruationibus
1155 1787 1292 1827 diebus
1330 1800 1352 1825 2
1376 1796 1412 1827 et
1445 1799 1499 1837 29
1522 1787 1625 1842 Aug.

150 1852 367 1899 institutis,
401 1852 462 1892 ita
482 1849 814 1905 satisfaciendum
842 1851 893 1902 fit
925 1861 972 1892 vt
1008 1851 1086 1892 illis
1122 1863 1276 1893 errores
1312 1864 1387 1892 non
1422 1852 1488 1905 m'fi
1515 1856 1628 1894 ‹veri-

136 1915 292 1970 fimiles
338 1913 592 1963 tribuantur,
647 1925 731 1956 tum
768 1916 1027 1970 obseruationi
1079 1915 1159 1956 diei
1201 1929 1254 1954 12
1293 1917 1394 1969 Aug.
1429 1928 1533 1957 certe
1565 1919 1626 1959 in-

152 1980 222 2033 effe
257 1978 399 2020 debere
433 1992 607 2021 errorem
648 1993 702 2018 10
740 1980 888 2021 Mlnut.
923 1982 1058 2035 prima
1093 1982 1367 2033 excedentem,
1404 1994 1516 2036 quem
1552 1983 1626 2023 ab·

139 2044 308 2098 surdum
342 2043 437 2098 effe,
473 2057 576 2086 nemo
610 2056 681 2086 non
710 2044 925 2102 fatebitur.

337 2179 370 2228 §-
410 2192 479 2229 19·
547 2179 691 2235 Quum
729 2192 782 2224 ex
817 2179 1160 2235 praecedentibus
1215 2177 1384 2221 calculis
1433 2175 1524 2219 satis
1577 2178 1625 2217 li-

148 2246 277 2300 quido
310 2242 415 2284 mihi
450 2245 676 2296 constaret,
735 2245 1061 2302 suppositionem
1114 2244 1302 2286 maxime
1349 2241 1622 2285 fauorabilem

144 2324 225 2366 pro
258 2309 537 2352 diminuendo
573 2323 714 2354 errore
768 2310 1072 2354 obseruationis
1118 2311 1184 2353 die
1226 2320 1279 2347 12
1316 2309 1431 2363 Aug.
1471 2305 1622 2358 sanae,

893 2373 973 2417 Zz
1012 2387 1036 2426 3
1504 2370 1620 2412 illam
