2041 2738
600 224 718 277 »20:ss
782 198 975 282 mass(
1041 225 1159 278 etca-

140 342 333 393 apparet‚
386 335 646 390 angularium
681 337 905 388 fibrarum,
940 337 984 379 in
1013 342 1164 381 'tenues
1198 336 1373 381 re'squta
1413 326 1599 391 fibrina,

141 402 211 457 [α]
247 403 295 443 ad
332 402 582 456 postremam
618 402 745 443 latam
782 402 1033 444 infundibuli
1066 402 1210 445 fibram
1252 401 1321 457 [b]
1357 404 1414 444 ita
1449 403 1490 445 se
1528 417 1598 458 ap·

137 467 286 521 plicat,
321 476 366 506 vt
398 466 557 507 fibrinis
589 466 662 507 has
693 467 812 510 fibras
851 480 1065 508 connexas
1099 467 1278 521 pariter,
1315 479 1438 521 atque
1474 480 1603 521 angu-

136 531 267 571 larem
306 531 348 570 in
385 530 464 571 hac
501 531 586 571 sede
620 530 786 572 fasciam
824 531 873 572 ad
910 531 1075 573 fasciam
1124 531 1374 573 infundibuli
1419 531 1459 572 se
1493 531 1602 572 obli-

137 607 218 648 que
254 595 493 648 adiungere‚
529 596 665 646 putari
699 604 838 648 queat.
889 594 1084 649 Denique
1111 596 1220 637 inter
1246 595 1461 637 fasciculos
1490 608 1598 649 quo-

137 671 215 712 que
251 657 474 700 ventriculi
511 658 653 698 finistri
703 657 948 712 exemplum
1000 663 1137 701 notari
1188 669 1394 708 meretur,
1444 659 1517 700 vbi
1552 657 1602 699 fi-

136 722 298 772 brfflae,
337 721 412 775 [c]
451 732 556 773 quae
591 720 715 761 solito
747 721 877 761 modo
910 720 1013 762 duos
1047 721 1260 762 fasciculos
1298 722 1373 775 [d]
1425 724 1602 765 coniun-

133 796 237 841 gunt
286 788 452 839 primo,
504 783 650 825 deinde
687 796 741 826 ex
783 784 931 825 eodem
979 784 1109 825 altero
1147 783 1226 837 [ε]
1279 785 1459 831 horum,
1512 797 1598 837 quo

132 852 245 904 prius
278 858 421 895 erant,
473 845 762 889 fasciculorum
797 858 938 897 ortae,
974 860 1134 888 nouum
1180 847 1376 889 colledhae
1411 847 1597 890 efficiunt

133 912 366 954 fasciculum
407 909 504 967 [f]‚
548 923 671 964 quern
710 912 780 952 vel
817 921 1009 966 tanquam
1045 924 1237 961 ramum,
1284 912 1411 953 variis
1445 913 1600 954 radici-

132 977 207 1018 bus
240 989 295 1018 ex
327 977 459 1031 priori
496 975 690 1016 fasciculo
729 974 804 1029 [g]
844 988 1017 1027 ortum,
1052 977 1240 1030 adeoque
1278 989 1371 1019 cum
1410 989 1462 1018 eo
1496 988 1601 1018 con·

133 1040 348 1091 ἰυῐιᾶιιῐη,
384 1039 451 1080 vel
487 1049 688 1092 tanquum
726 1040 981 1090 fasciculum,
1017 1040 1261 1083 fibrinarum
1290 1054 1371 1097 ope
1405 1053 1501 1083 cum
1523 1053 1600 1082 eo·

130 1105 228 1146 dem
263 1115 530 1154 connexum,
565 1104 819 1146 confiderare
856 1104 967 1146 licet.

144 1233 296 1278 Fibrae
330 1236 371 1279 in
403 1238 539 1281 variis
564 1238 753 1296 partibus
789 1238 921 1282 cordis
956 1239 1088 1281 variis
1123 1238 1207 1292 his,
1244 1237 1442 1294 quaelibet
1464 1238 1579 1294 ficis,

142 1320 143 1323 ’
631 1316 758 1359 modis
790 1315 1084 1360 conneaumur.

316 1407 396 1451 His
429 1423 530 1464 ergo
563 1413 818 1465 potiffimurn
854 1414 987 1458 modis
1022 1413 1172 1462 fibrae,
1206 1412 1419 1465 imprimis
1455 1422 1595 1457 exter-

130 1483 208 1528 nae
243 1475 470 1520 ventriculi
505 1477 644 1518 dextri
680 1487 723 1519 et
755 1478 931 1528 finistri,
983 1488 1070 1519 tum
1105 1487 1146 1518 et
1186 1480 1375 1519 internae
1413 1479 1600 1521 mediae-

128 1533 509 1594 quessketsfinuum
543 1537 673 1579 fibrae
706 1551 903 1583 externae
938 1552 982 1581 et
1014 1542 1228 1592 internae,
1274 1542 1316 1580 in
1353 1543 1477 1583 variis
1514 1545 1593 1585 suis

131 1598 318 1651 partibus
352 1598 584 1659 quaelibet,
618 1610 660 1642 et
693 1602 736 1642 in
772 1603 931 1644 sedibus
965 1604 1116 1651 variis,
1172 1602 1494 1657 regionibusque
1528 1609 1593 1647 in-

136 1670 204 1700 ter
237 1661 278 1701 se
315 1669 462 1702 mutuo
495 1664 812 1706 connectuntur.
880 1664 1018 1710 Variis
1052 1666 1166 1706 enim
1202 1669 1380 1708 omnino
1415 1677 1460 1709 et
1494 1680 1594 1722 pro-'

131 1724 261 1778 ptus,
307 1723 410 1765 ficut
442 1724 770 1771 demonstratum
822 1731 906 1782 est,
957 1730 1074 1770 etin
1110 1728 1358 1784 singularum
1409 1735 1592 1787 partium

1500 1804 1596 1852 pet*

178 1933 234 1980 [a]
258 1931 344 1983 Tnb.
373 1937 400 1972 1.
427 1943 476 1979 13,

179 1990 235 2037 [h]
261 1991 338 2026 ‘rab
374 1992 401 2027 Ῑ.
428 1998 487 2039 19.Υ

177 2048 226 2095 [c]
255 2049 339 2085 Tab.
364 2051 391 2085 1.
415 2061 467 2096 ῃ.

176 2103 233 2150 [d]
259 2104 347 2144 Tab.
372 2109 398 2140 1.
423 2117 476 2153 72.
499 2118 554 2157 73.

179 2163 229 2211 [e]
257 2165 343 2200 Τὼ.
370 2167 392 2200 1.
420 2171 472 2212 722

172 2222 243 2269 [J]
270 2224 358 2262 Tab.
381 2228 407 2261 Ι.
429 2233 486 2272 78.

176 2279 235 2328 [g]
265 2282 348 2318 Tab.
370 2284 395 2319 1.
418 2295 471 2327 72.
