<?xml version="1.0" encoding="UTF-8"?>
<!DOCTYPE html PUBLIC "-//W3C//DTD XHTML 1.0 Transitional//EN"
    "http://www.w3.org/TR/xhtml1/DTD/xhtml1-transitional.dtd">
<html xmlns="http://www.w3.org/1999/xhtml" xml:lang="en" lang="en">
 <head>
  <title>
</title>
<meta http-equiv="Content-Type" content="text/html;charset=utf-8" />
  <meta name='ocr-system' content='tesseract 3.04.00' />
  <meta name='ocr-capabilities' content='ocr_page ocr_carea ocr_par ocr_line ocrx_word'/>
</head>
<body>
  <div class='ocr_page' id='page_1' title='image "./actaacademiae81impe_0295.png"; bbox 0 0 2041 2738; ppageno 0'>
   <div class='ocr_carea' id='block_1_1' title="bbox 613 191 1171 270">
    <p class='ocr_par' dir='ltr' id='par_1_1' title="bbox 613 191 1171 270">
     <span class='ocr_line' id='line_1_1' title="bbox 613 191 1171 270; baseline 0 -5"><span class='ocrx_word' id='word_1_1' title='bbox 613 207 730 266; x_wconf 44' lang='lat' dir='ltr'>heae</span> <span class='ocrx_word' id='word_1_2' title='bbox 790 207 807 268; x_wconf 89' lang='lat'>)</span> <span class='ocrx_word' id='word_1_3' title='bbox 845 224 936 266; x_wconf 81' lang='lat'>249</span> <span class='ocrx_word' id='word_1_4' title='bbox 973 211 991 270; x_wconf 87' lang='grc'>(</span> <span class='ocrx_word' id='word_1_5' title='bbox 1050 191 1171 266; x_wconf 46' lang='lat' dir='ltr'>aaa</span> 
     </span>
    </p>
   </div>
   <div class='ocr_carea' id='block_1_2' title="bbox 73 324 1618 1842">
    <p class='ocr_par' dir='ltr' id='par_1_2' title="bbox 73 324 1618 1842">
     <span class='ocr_line' id='line_1_2' title="bbox 150 324 1616 387; baseline 0.001 -15"><span class='ocrx_word' id='word_1_6' title='bbox 150 328 266 379; x_wconf 77' lang='lat' dir='ltr'>esset,</span> <span class='ocrx_word' id='word_1_7' title='bbox 299 324 541 370; x_wconf 77' lang='lat' dir='ltr'><strong>sententiam</strong></span> <span class='ocrx_word' id='word_1_8' title='bbox 577 324 742 378; x_wconf 84' lang='lat' dir='ltr'>dicam;</span> <span class='ocrx_word' id='word_1_9' title='bbox 775 324 846 376; x_wconf 83' lang='lat' dir='ltr'>ita,</span> <span class='ocrx_word' id='word_1_10' title='bbox 884 325 988 367; x_wconf 80' lang='lat' dir='ltr'>mihi</span> <span class='ocrx_word' id='word_1_11' title='bbox 1022 327 1210 381; x_wconf 86' lang='lat' dir='ltr'>quidem,</span> <span class='ocrx_word' id='word_1_12' title='bbox 1247 336 1357 370; x_wconf 83' lang='lat' dir='ltr'>cum</span> <span class='ocrx_word' id='word_1_13' title='bbox 1380 325 1616 387; x_wconf 74' lang='lat' dir='ltr'>interrupte</span> 
     </span>
     <span class='ocr_line' id='line_1_3' title="bbox 152 389 1618 445; baseline 0.001 -9"><span class='ocrx_word' id='word_1_14' title='bbox 152 394 245 443; x_wconf 81' lang='lat' dir='ltr'>illa,</span> <span class='ocrx_word' id='word_1_15' title='bbox 288 394 404 435; x_wconf 88' lang='lat' dir='ltr'>cuius</span> <span class='ocrx_word' id='word_1_16' title='bbox 448 392 491 432; x_wconf 88' lang='lat' dir='ltr'>in</span> <span class='ocrx_word' id='word_1_17' title='bbox 532 389 811 442; x_wconf 85' lang='lat' dir='ltr'>superioribus</span> <span class='ocrx_word' id='word_1_18' title='bbox 847 391 972 431; x_wconf 79' lang='lat' dir='ltr'>etiam</span> <span class='ocrx_word' id='word_1_19' title='bbox 1010 392 1275 433; x_wconf 85' lang='lat' dir='ltr'>mentionem</span> <span class='ocrx_word' id='word_1_20' title='bbox 1311 393 1411 434; x_wconf 86' lang='lat' dir='ltr'>iam·</span> <span class='ocrx_word' id='word_1_21' title='bbox 1434 396 1618 445; x_wconf 87' lang='lat' dir='ltr'>feci‚.et</span> 
     </span>
     <span class='ocr_line' id='line_1_4' title="bbox 150 453 1617 514; baseline 0 -13"><span class='ocrx_word' id='word_1_22' title='bbox 150 471 255 514; x_wconf 84' lang='lat' dir='ltr'>quae</span> <span class='ocrx_word' id='word_1_23' title='bbox 292 459 525 499; x_wconf 81' lang='lat' dir='ltr'>maximam</span> <span class='ocrx_word' id='word_1_24' title='bbox 561 458 913 509; x_wconf 78' lang='lat' dir='ltr'>crenae‘partem</span> <span class='ocrx_word' id='word_1_25' title='bbox 951 453 1108 506; x_wconf 87' lang='lat' dir='ltr'>efficit,</span> <span class='ocrx_word' id='word_1_26' title='bbox 1144 456 1461 501; x_wconf 82' lang='lat' dir='ltr'>continuatione</span> <span class='ocrx_word' id='word_1_27' title='bbox 1495 472 1617 507; x_wconf 85' lang='lat' dir='ltr'>com·</span> 
     </span>
     <span class='ocr_line' id='line_1_5' title="bbox 147 519 1613 579; baseline 0.001 -16"><span class='ocrx_word' id='word_1_28' title='bbox 147 527 340 579; x_wconf 79' lang='lat' dir='ltr'>paratum</span> <span class='ocrx_word' id='word_1_29' title='bbox 377 522 457 564; x_wconf 81' lang='lat' dir='ltr'>effe</span> <span class='ocrx_word' id='word_1_30' title='bbox 494 521 689 568; x_wconf 87' lang='lat' dir='ltr'>videtur,</span> <span class='ocrx_word' id='word_1_31' title='bbox 726 533 774 561; x_wconf 88' lang='lat' dir='ltr'>vt</span> <span class='ocrx_word' id='word_1_32' title='bbox 805 519 929 563; x_wconf 76' lang='lat' dir='ltr'>fibrae</span> <span class='ocrx_word' id='word_1_33' title='bbox 963 521 1189 564; x_wconf 75' lang='lat' dir='ltr'>ventriculi</span> <span class='ocrx_word' id='word_1_34' title='bbox 1220 522 1383 575; x_wconf 84' lang='lat' dir='ltr'>dextri,</span> <span class='ocrx_word' id='word_1_35' title='bbox 1433 524 1613 566; x_wconf 89' lang='lat' dir='ltr'>omnino</span> 
     </span>
     <span class='ocr_line' id='line_1_6' title="bbox 149 583 1610 642; baseline 0 -13"><span class='ocrx_word' id='word_1_36' title='bbox 149 588 424 634; x_wconf 79' lang='lat' dir='ltr'>terminatae,</span> <span class='ocrx_word' id='word_1_37' title='bbox 458 583 607 627; x_wconf 90' lang='lat' dir='ltr'>finibus</span> <span class='ocrx_word' id='word_1_38' title='bbox 646 584 723 625; x_wconf 88' lang='lat' dir='ltr'>suis</span> <span class='ocrx_word' id='word_1_39' title='bbox 758 584 868 627; x_wconf 76' lang='lat' dir='ltr'>fibi-is</span> <span class='ocrx_word' id='word_1_40' title='bbox 904 585 1074 634; x_wconf 83' lang='lat' dir='ltr'>sinistri,</span> <span class='ocrx_word' id='word_1_41' title='bbox 1109 598 1338 639; x_wconf 81' lang='lat' dir='ltr'>earumque</span> <span class='ocrx_word' id='word_1_42' title='bbox 1374 587 1610 642; x_wconf 86' lang='lat' dir='ltr'>superficiei</span> 
     </span>
     <span class='ocr_line' id='line_1_7' title="bbox 145 644 1612 707; baseline 0.001 -14"><span class='ocrx_word' id='word_1_43' title='bbox 145 659 370 700; x_wconf 66' lang='lat' dir='ltr'>externae,</span> <span class='ocrx_word' id='word_1_44' title='bbox 405 650 675 696; x_wconf 76' lang='lat' dir='ltr'>incumbant,</span> <span class='ocrx_word' id='word_1_45' title='bbox 708 650 940 701; x_wconf 76' lang='lat' dir='ltr'>iisdemque</span> <span class='ocrx_word' id='word_1_46' title='bbox 975 648 1041 688; x_wconf 67' lang='lat' dir='ltr'>fic&#39;</span> <span class='ocrx_word' id='word_1_47' title='bbox 1063 648 1139 689; x_wconf 86' lang='lat' dir='ltr'>sint</span> <span class='ocrx_word' id='word_1_48' title='bbox 1174 651 1370 699; x_wconf 65' lang='lat' dir='ltr'>adamae,</span> <span class='ocrx_word' id='word_1_49' title='bbox 1404 662 1446 693; x_wconf 91' lang='lat' dir='ltr'>et</span> <span class='ocrx_word' id='word_1_50' title='bbox 1480 644 1612 707; x_wconf 71' lang='lat' dir='ltr'>porro</span> 
     </span>
     <span class='ocr_line' id='line_1_8' title="bbox 149 713 1607 771; baseline 0.002 -14"><span class='ocrx_word' id='word_1_51' title='bbox 149 716 326 771; x_wconf 79' lang='lat' dir='ltr'>coalitae</span> <span class='ocrx_word' id='word_1_52' title='bbox 360 726 456 755; x_wconf 87' lang='lat' dir='ltr'>cum</span> <span class='ocrx_word' id='word_1_53' title='bbox 491 713 640 753; x_wconf 87' lang='lat' dir='ltr'>iisdem</span> <span class='ocrx_word' id='word_1_54' title='bbox 677 722 728 752; x_wconf 85' lang='lat' dir='ltr'>eo</span> <span class='ocrx_word' id='word_1_55' title='bbox 754 723 897 764; x_wconf 87' lang='lat' dir='ltr'>vsque,</span> <span class='ocrx_word' id='word_1_56' title='bbox 932 723 978 754; x_wconf 88' lang='lat' dir='ltr'>vt</span> <span class='ocrx_word' id='word_1_57' title='bbox 1006 714 1219 755; x_wconf 85' lang='lat' dir='ltr'>nonnullis</span> <span class='ocrx_word' id='word_1_58' title='bbox 1239 715 1460 758; x_wconf 83' lang='lat' dir='ltr'>insedibus</span> <span class='ocrx_word' id='word_1_59' title='bbox 1481 717 1607 770; x_wconf 85' lang='lat' dir='ltr'>plane</span> 
     </span>
     <span class='ocr_line' id='line_1_9' title="bbox 144 771 1605 831; baseline 0 -9"><span class='ocrx_word' id='word_1_60' title='bbox 144 781 362 822; x_wconf 78' lang='lat' dir='ltr'>videantur</span> <span class='ocrx_word' id='word_1_61' title='bbox 396 780 438 819; x_wconf 89' lang='lat' dir='ltr'>in</span> <span class='ocrx_word' id='word_1_62' title='bbox 474 771 639 816; x_wconf 82' lang='lat' dir='ltr'>easdem</span> <span class='ocrx_word' id='word_1_63' title='bbox 674 776 938 824; x_wconf 87' lang='lat' dir='ltr'>continuare,</span> <span class='ocrx_word' id='word_1_64' title='bbox 983 775 1025 814; x_wconf 88' lang='lat' dir='ltr'>iu</span> <span class='ocrx_word' id='word_1_65' title='bbox 1062 776 1151 818; x_wconf 86' lang='lat' dir='ltr'>aliis</span> <span class='ocrx_word' id='word_1_66' title='bbox 1189 778 1402 820; x_wconf 80' lang='lat' dir='ltr'>manifesta</span> <span class='ocrx_word' id='word_1_67' title='bbox 1436 780 1605 831; x_wconf 76' lang='lat' dir='ltr'>indicia,</span> 
     </span>
     <span class='ocr_line' id='line_1_10' title="bbox 144 839 1608 893; baseline -0.001 -9"><span class='ocrx_word' id='word_1_68' title='bbox 144 843 241 884; x_wconf 88' lang='lat' dir='ltr'>alibi</span> <span class='ocrx_word' id='word_1_69' title='bbox 275 843 430 883; x_wconf 84' lang='lat' dir='ltr'>leuiora</span> <span class='ocrx_word' id='word_1_70' title='bbox 464 840 632 892; x_wconf 82' lang='lat' dir='ltr'>vestigia</span> <span class='ocrx_word' id='word_1_71' title='bbox 655 840 831 888; x_wconf 83' lang='lat' dir='ltr'>modo,</span> <span class='ocrx_word' id='word_1_72' title='bbox 864 839 938 880; x_wconf 68' lang='lat' dir='ltr'>‘vix</span> <span class='ocrx_word' id='word_1_73' title='bbox 976 842 1123 882; x_wconf 83' lang='lat' dir='ltr'>vmbra</span> <span class='ocrx_word' id='word_1_74' title='bbox 1157 840 1331 883; x_wconf 87' lang='lat' dir='ltr'>demum</span> <span class='ocrx_word' id='word_1_75' title='bbox 1369 841 1491 893; x_wconf 82' lang='lat' dir='ltr'>alibi,</span> <span class='ocrx_word' id='word_1_76' title='bbox 1527 844 1608 887; x_wconf 86' lang='lat' dir='ltr'>hu-</span> 
     </span>
     <span class='ocr_line' id='line_1_11' title="bbox 140 901 1604 959; baseline 0.003 -11"><span class='ocrx_word' id='word_1_77' title='bbox 140 911 204 948; x_wconf 87' lang='lat' dir='ltr'>ius</span> <span class='ocrx_word' id='word_1_78' title='bbox 238 906 466 948; x_wconf 78' lang='lat' dir='ltr'>coalitionis</span> <span class='ocrx_word' id='word_1_79' title='bbox 503 903 683 958; x_wconf 86' lang='lat' dir='ltr'>superfit.</span> <span class='ocrx_word' id='word_1_80' title='bbox 753 901 822 945; x_wconf 90' lang='lat' dir='ltr'>Sic</span> <span class='ocrx_word' id='word_1_81' title='bbox 858 905 906 944; x_wconf 90' lang='lat' dir='ltr'>iis</span> <span class='ocrx_word' id='word_1_82' title='bbox 942 916 1045 957; x_wconf 83' lang='lat' dir='ltr'>ergo</span> <span class='ocrx_word' id='word_1_83' title='bbox 1077 905 1118 944; x_wconf 91' lang='lat' dir='ltr'>in</span> <span class='ocrx_word' id='word_1_84' title='bbox 1157 906 1316 950; x_wconf 75' lang='lat' dir='ltr'>(edibus</span> <span class='ocrx_word' id='word_1_85' title='bbox 1353 919 1437 947; x_wconf 88' lang='lat' dir='ltr'>non</span> <span class='ocrx_word' id='word_1_86' title='bbox 1463 911 1604 959; x_wconf 88' lang='lat' dir='ltr'>m0d0‚</span> 
     </span>
     <span class='ocr_line' id='line_1_12' title="bbox 140 967 1603 1025; baseline 0.003 -14"><span class='ocrx_word' id='word_1_87' title='bbox 140 972 210 1012; x_wconf 84' lang='lat' dir='ltr'>vbi</span> <span class='ocrx_word' id='word_1_88' title='bbox 249 971 484 1025; x_wconf 82' lang='lat' dir='ltr'>interrupta</span> <span class='ocrx_word' id='word_1_89' title='bbox 519 969 782 1010; x_wconf 81' lang='lat' dir='ltr'>continuatio</span> <span class='ocrx_word' id='word_1_90' title='bbox 817 967 899 1020; x_wconf 82' lang='lat' dir='ltr'>ilia,</span> <span class='ocrx_word' id='word_1_91' title='bbox 938 970 977 1010; x_wconf 88' lang='lat' dir='ltr'>in</span> <span class='ocrx_word' id='word_1_92' title='bbox 1006 970 1298 1023; x_wconf 82' lang='lat' dir='ltr'>superioribus</span> <span class='ocrx_word' id='word_1_93' title='bbox 1323 971 1505 1023; x_wconf 85' lang='lat' dir='ltr'>definita,</span> <span class='ocrx_word' id='word_1_94' title='bbox 1536 974 1603 1015; x_wconf 89' lang='lat'>10-</span> 
     </span>
     <span class='ocr_line' id='line_1_13' title="bbox 73 1032 1606 1086; baseline 0.002 -8"><span class='ocrx_word' id='word_1_95' title='bbox 73 1081 75 1083; x_wconf 62' lang='lat'><em>,</em></span> <span class='ocrx_word' id='word_1_96' title='bbox 140 1049 237 1078; x_wconf 90' lang='lat' dir='ltr'>cum</span> <span class='ocrx_word' id='word_1_97' title='bbox 282 1035 435 1085; x_wconf 80' lang='lat' dir='ltr'>habet,</span> <span class='ocrx_word' id='word_1_98' title='bbox 488 1034 552 1073; x_wconf 89' lang='lat' dir='ltr'>sed</span> <span class='ocrx_word' id='word_1_99' title='bbox 589 1034 657 1074; x_wconf 87' lang='lat' dir='ltr'>vbi</span> <span class='ocrx_word' id='word_1_100' title='bbox 695 1032 858 1086; x_wconf 73' lang='lat' dir='ltr'>prorsus</span> <span class='ocrx_word' id='word_1_101' title='bbox 893 1044 1061 1086; x_wconf 85' lang='lat' dir='ltr'>quoque</span> <span class='ocrx_word' id='word_1_102' title='bbox 1094 1036 1339 1078; x_wconf 83' lang='lat' dir='ltr'>continuare</span> <span class='ocrx_word' id='word_1_103' title='bbox 1373 1036 1499 1080; x_wconf 82' lang='lat' dir='ltr'>fibrae</span> <span class='ocrx_word' id='word_1_104' title='bbox 1533 1040 1606 1081; x_wconf 83' lang='lat' dir='ltr'>vi·-</span> 
     </span>
     <span class='ocr_line' id='line_1_14' title="bbox 139 1098 1603 1149; baseline 0.002 -7"><span class='ocrx_word' id='word_1_105' title='bbox 139 1102 304 1149; x_wconf 82' lang='lat' dir='ltr'>dentur,</span> <span class='ocrx_word' id='word_1_106' title='bbox 338 1110 378 1139; x_wconf 89' lang='lat' dir='ltr'>et</span> <span class='ocrx_word' id='word_1_107' title='bbox 411 1100 482 1140; x_wconf 85' lang='lat' dir='ltr'>vbi</span> <span class='ocrx_word' id='word_1_108' title='bbox 517 1098 704 1137; x_wconf 84' lang='lat' dir='ltr'>serratim</span> <span class='ocrx_word' id='word_1_109' title='bbox 740 1101 889 1138; x_wconf 84' lang='lat' dir='ltr'>contra</span> <span class='ocrx_word' id='word_1_110' title='bbox 923 1098 1073 1140; x_wconf 80' lang='lat' dir='ltr'>dextri</span> <span class='ocrx_word' id='word_1_111' title='bbox 1101 1100 1320 1143; x_wconf 87' lang='lat' dir='ltr'>ventriculi</span> <span class='ocrx_word' id='word_1_112' title='bbox 1354 1100 1477 1143; x_wconf 85' lang='lat' dir='ltr'>fibrae</span> <span class='ocrx_word' id='word_1_113' title='bbox 1504 1116 1603 1145; x_wconf 89' lang='lat' dir='ltr'>cum</span> 
     </span>
     <span class='ocr_line' id='line_1_15' title="bbox 141 1161 1604 1216; baseline 0.003 -12"><span class='ocrx_word' id='word_1_114' title='bbox 141 1163 254 1206; x_wconf 87' lang='lat' dir='ltr'>fibris</span> <span class='ocrx_word' id='word_1_115' title='bbox 298 1162 445 1203; x_wconf 83' lang='lat' dir='ltr'>sinistri</span> <span class='ocrx_word' id='word_1_116' title='bbox 491 1161 736 1202; x_wconf 59' lang='lat' dir='ltr'>coniunctae</span> <span class='ocrx_word' id='word_1_117' title='bbox 773 1161 863 1201; x_wconf 88' lang='lat' dir='ltr'>sunt</span> <span class='ocrx_word' id='word_1_118' title='bbox 899 1173 1059 1215; x_wconf 84' lang='lat' dir='ltr'>porro,</span> <span class='ocrx_word' id='word_1_119' title='bbox 1110 1163 1377 1216; x_wconf 74' lang='lat' dir='ltr'>superstratas</span> <span class='ocrx_word' id='word_1_120' title='bbox 1411 1166 1491 1206; x_wconf 90' lang='lat' dir='ltr'>hac</span> <span class='ocrx_word' id='word_1_121' title='bbox 1525 1179 1604 1209; x_wconf 84' lang='lat' dir='ltr'>ex-</span> 
     </span>
     <span class='ocr_line' id='line_1_16' title="bbox 137 1224 1603 1281; baseline 0.004 -14"><span class='ocrx_word' id='word_1_122' title='bbox 137 1228 287 1281; x_wconf 76' lang='lat' dir='ltr'>plicata</span> <span class='ocrx_word' id='word_1_123' title='bbox 337 1227 497 1267; x_wconf 88' lang='lat' dir='ltr'>ratione</span> <span class='ocrx_word' id='word_1_124' title='bbox 546 1225 690 1266; x_wconf 80' lang='lat' dir='ltr'>dextri</span> <span class='ocrx_word' id='word_1_125' title='bbox 741 1224 970 1266; x_wconf 87' lang='lat' dir='ltr'>ventriculi</span> <span class='ocrx_word' id='word_1_126' title='bbox 1024 1225 1145 1275; x_wconf 87' lang='lat' dir='ltr'>fibras</span> <span class='ocrx_word' id='word_1_127' title='bbox 1196 1226 1344 1269; x_wconf 89' lang='lat' dir='ltr'>finibus</span> <span class='ocrx_word' id='word_1_128' title='bbox 1380 1229 1456 1270; x_wconf 92' lang='lat' dir='ltr'>suis</span> <span class='ocrx_word' id='word_1_129' title='bbox 1489 1229 1603 1274; x_wconf 87' lang='lat' dir='ltr'>fibris</span> 
     </span>
     <span class='ocr_line' id='line_1_17' title="bbox 137 1289 1598 1345; baseline 0.003 -13"><span class='ocrx_word' id='word_1_130' title='bbox 137 1292 305 1337; x_wconf 76' lang='lat' dir='ltr'>finistri,</span> <span class='ocrx_word' id='word_1_131' title='bbox 350 1289 702 1343; x_wconf 79' lang='lat' dir='ltr'>adglutinatasque</span> <span class='ocrx_word' id='word_1_132' title='bbox 740 1297 782 1328; x_wconf 90' lang='lat' dir='ltr'>et</span> <span class='ocrx_word' id='word_1_133' title='bbox 819 1289 989 1329; x_wconf 86' lang='lat' dir='ltr'>coalitas</span> <span class='ocrx_word' id='word_1_134' title='bbox 1025 1302 1123 1329; x_wconf 89' lang='lat' dir='ltr'>cum</span> <span class='ocrx_word' id='word_1_135' title='bbox 1160 1290 1210 1330; x_wconf 85' lang='lat' dir='ltr'>iis</span> <span class='ocrx_word' id='word_1_136' title='bbox 1245 1293 1598 1345; x_wconf 13' lang='lat' dir='ltr'>efferputandum</span> 
     </span>
     <span class='ocr_line' id='line_1_18' title="bbox 137 1352 1604 1406; baseline 0.004 -11"><span class='ocrx_word' id='word_1_137' title='bbox 137 1355 205 1395; x_wconf 86' lang='lat' dir='ltr'>est.</span> <span class='ocrx_word' id='word_1_138' title='bbox 275 1352 440 1406; x_wconf 80' lang='lat' dir='ltr'>Cuique</span> <span class='ocrx_word' id='word_1_139' title='bbox 488 1353 690 1393; x_wconf 85' lang='lat' dir='ltr'>nimirum</span> <span class='ocrx_word' id='word_1_140' title='bbox 741 1353 972 1394; x_wconf 84' lang='lat' dir='ltr'>interstitio</span> <span class='ocrx_word' id='word_1_141' title='bbox 1003 1352 1113 1394; x_wconf 88' lang='lat' dir='ltr'>inter</span> <span class='ocrx_word' id='word_1_142' title='bbox 1146 1354 1246 1395; x_wconf 89' lang='lat' dir='ltr'>duas</span> <span class='ocrx_word' id='word_1_143' title='bbox 1280 1354 1403 1398; x_wconf 80' lang='lat' dir='ltr'>fibras</span> <span class='ocrx_word' id='word_1_144' title='bbox 1439 1360 1604 1400; x_wconf 86' lang='lat' dir='ltr'>ventri-</span> 
     </span>
     <span class='ocr_line' id='line_1_19' title="bbox 133 1415 1594 1474; baseline 0.004 -16"><span class='ocrx_word' id='word_1_145' title='bbox 133 1418 225 1458; x_wconf 66' lang='lat' dir='ltr'>&#39;culi¹</span> <span class='ocrx_word' id='word_1_146' title='bbox 255 1417 401 1458; x_wconf 79' lang='lat' dir='ltr'>sinistri</span> <span class='ocrx_word' id='word_1_147' title='bbox 447 1415 551 1458; x_wconf 85' lang='lat' dir='ltr'>fibra</span> <span class='ocrx_word' id='word_1_148' title='bbox 595 1418 666 1456; x_wconf 78' lang='lat' dir='ltr'>suo</span> <span class='ocrx_word' id='word_1_149' title='bbox 708 1415 791 1456; x_wconf 87' lang='lat' dir='ltr'>fine</span> <span class='ocrx_word' id='word_1_150' title='bbox 826 1415 1036 1458; x_wconf 85' lang='lat' dir='ltr'>incumbit</span> <span class='ocrx_word' id='word_1_151' title='bbox 1071 1418 1296 1471; x_wconf 72' lang='lat' dir='ltr'>innataque</span> <span class='ocrx_word' id='word_1_152' title='bbox 1334 1420 1389 1462; x_wconf 87' lang='lat' dir='ltr'>est</span> <span class='ocrx_word' id='word_1_153' title='bbox 1425 1420 1594 1474; x_wconf 82' lang='lat' dir='ltr'>dextri,</span> 
     </span>
     <span class='ocr_line' id='line_1_20' title="bbox 129 1480 1597 1530; baseline 0.005 -8"><span class='ocrx_word' id='word_1_154' title='bbox 129 1483 202 1524; x_wconf 75' lang='lat' dir='ltr'>vbi</span> <span class='ocrx_word' id='word_1_155' title='bbox 254 1484 410 1522; x_wconf 82' lang='lat' dir='ltr'>serrata·</span> <span class='ocrx_word' id='word_1_156' title='bbox 455 1492 596 1522; x_wconf 82' lang='lat' dir='ltr'>earum</span> <span class='ocrx_word' id='word_1_157' title='bbox 649 1481 891 1522; x_wconf 57' lang='lat' dir='ltr'>coniunctio</span> <span class='ocrx_word' id='word_1_158' title='bbox 938 1480 1104 1521; x_wconf 86' lang='lat' dir='ltr'>datur.</span> <span class='ocrx_word' id='word_1_159' title='bbox 1139 1480 1285 1525; x_wconf 87' lang='lat' dir='ltr'>Fibrae</span> <span class='ocrx_word' id='word_1_160' title='bbox 1320 1495 1465 1527; x_wconf 89' lang='lat' dir='ltr'>contra</span> <span class='ocrx_word' id='word_1_161' title='bbox 1495 1486 1597 1530; x_wconf 78' lang='lat' dir='ltr'>fibra</span> 
     </span>
     <span class='ocr_line' id='line_1_21' title="bbox 130 1543 1595 1598; baseline 0.002 -12"><span class='ocrx_word' id='word_1_162' title='bbox 130 1545 364 1598; x_wconf 76' lang='lat' dir='ltr'>incumbit,</span> <span class='ocrx_word' id='word_1_163' title='bbox 406 1545 474 1584; x_wconf 88' lang='lat' dir='ltr'>vbi</span> <span class='ocrx_word' id='word_1_164' title='bbox 509 1543 575 1582; x_wconf 88' lang='lat' dir='ltr'>vel</span> <span class='ocrx_word' id='word_1_165' title='bbox 611 1543 843 1596; x_wconf 87' lang='lat' dir='ltr'>interrupta</span> <span class='ocrx_word' id='word_1_166' title='bbox 879 1545 1140 1585; x_wconf 83' lang='lat' dir='ltr'>continuatio</span> <span class='ocrx_word' id='word_1_167' title='bbox 1174 1547 1262 1597; x_wconf 87' lang='lat' dir='ltr'>est,</span> <span class='ocrx_word' id='word_1_168' title='bbox 1315 1549 1382 1589; x_wconf 83' lang='lat' dir='ltr'>vel</span> <span class='ocrx_word' id='word_1_169' title='bbox 1415 1554 1595 1594; x_wconf 87' lang='lat' dir='ltr'>omnino</span> 
     </span>
     <span class='ocr_line' id='line_1_22' title="bbox 126 1595 1596 1662; baseline 0.005 -13"><span class='ocrx_word' id='word_1_170' title='bbox 126 1595 227 1650; x_wconf 66' lang='lat' dir='ltr'>fibra</span> <span class='ocrx_word' id='word_1_171' title='bbox 267 1609 308 1648; x_wconf 90' lang='lat' dir='ltr'>in</span> <span class='ocrx_word' id='word_1_172' title='bbox 342 1606 488 1647; x_wconf 86' lang='lat' dir='ltr'>fibram</span> <span class='ocrx_word' id='word_1_173' title='bbox 527 1606 759 1647; x_wconf 87' lang='lat' dir='ltr'>continuat.</span> <span class='ocrx_word' id='word_1_174' title='bbox 828 1604 943 1659; x_wconf 85' lang='lat' dir='ltr'>Ergo</span> <span class='ocrx_word' id='word_1_175' title='bbox 976 1608 1150 1648; x_wconf 75' lang='lat' dir='ltr'>cicatrix</span> <span class='ocrx_word' id='word_1_176' title='bbox 1190 1609 1294 1651; x_wconf 85' lang='lat' dir='ltr'>haec</span> <span class='ocrx_word' id='word_1_177' title='bbox 1321 1625 1463 1662; x_wconf 88' lang='lat' dir='ltr'>crena,</span> <span class='ocrx_word' id='word_1_178' title='bbox 1502 1627 1596 1659; x_wconf 83' lang='lat' dir='ltr'>mea</span> 
     </span>
     <span class='ocr_line' id='line_1_23' title="bbox 129 1669 1594 1722; baseline 0.006 -9"><span class='ocrx_word' id='word_1_179' title='bbox 129 1674 225 1713; x_wconf 90' lang='lat' dir='ltr'>sane</span> <span class='ocrx_word' id='word_1_180' title='bbox 262 1672 469 1720; x_wconf 85' lang='lat' dir='ltr'>sententia</span> <span class='ocrx_word' id='word_1_181' title='bbox 502 1670 573 1717; x_wconf 85' lang='lat' dir='ltr'>est,</span> <span class='ocrx_word' id='word_1_182' title='bbox 608 1669 709 1710; x_wconf 78' lang='lat' dir='ltr'>fines</span> <span class='ocrx_word' id='word_1_183' title='bbox 742 1669 938 1711; x_wconf 84' lang='lat' dir='ltr'>fibrarum</span> <span class='ocrx_word' id='word_1_184' title='bbox 972 1671 1083 1712; x_wconf 91' lang='lat' dir='ltr'>inter</span> <span class='ocrx_word' id='word_1_185' title='bbox 1118 1676 1339 1716; x_wconf 86' lang='lat' dir='ltr'>ventriculi</span> <span class='ocrx_word' id='word_1_186' title='bbox 1375 1677 1515 1719; x_wconf 84' lang='lat' dir='ltr'>dextri</span> <span class='ocrx_word' id='word_1_187' title='bbox 1549 1689 1594 1722; x_wconf 88' lang='lat' dir='ltr'>et</span> 
     </span>
     <span class='ocr_line' id='line_1_24' title="bbox 130 1730 1591 1796; baseline 0.007 -20"><span class='ocrx_word' id='word_1_188' title='bbox 130 1736 253 1778; x_wconf 80' lang='lat' dir='ltr'>fibras</span> <span class='ocrx_word' id='word_1_189' title='bbox 289 1735 549 1777; x_wconf 80' lang='lat' dir='ltr'>continuatas</span> <span class='ocrx_word' id='word_1_190' title='bbox 582 1730 728 1776; x_wconf 81' lang='lat' dir='ltr'>finistri</span> <span class='ocrx_word' id='word_1_191' title='bbox 765 1735 960 1786; x_wconf 86' lang='lat' dir='ltr'>suborta,</span> <span class='ocrx_word' id='word_1_192' title='bbox 995 1737 1126 1791; x_wconf 81' lang='lat' dir='ltr'>magis</span> <span class='ocrx_word' id='word_1_193' title='bbox 1162 1737 1273 1789; x_wconf 81' lang='lat' dir='ltr'>alibi,</span> <span class='ocrx_word' id='word_1_194' title='bbox 1307 1740 1405 1783; x_wconf 83' lang='lat' dir='ltr'>alibi</span> <span class='ocrx_word' id='word_1_195' title='bbox 1437 1743 1591 1796; x_wconf 87' lang='lat' dir='ltr'>minus,</span> 
     </span>
     <span class='ocr_line' id='line_1_25' title="bbox 129 1800 322 1842; baseline -0.006 -1"><span class='ocrx_word' id='word_1_196' title='bbox 129 1800 322 1842; x_wconf 81' lang='lat' dir='ltr'>obsoleta.</span> 
     </span>
    </p>
   </div>
   <div class='ocr_carea' id='block_1_3' title="bbox 102 1878 1589 2153">
    <p class='ocr_par' dir='ltr' id='par_1_3' title="bbox 216 1878 1497 2020">
     <span class='ocr_line' id='line_1_26' title="bbox 216 1878 1497 1967; baseline 0.007 -28.064"><span class='ocrx_word' id='word_1_197' title='bbox 216 1878 392 1953; x_wconf 67' lang='lat' dir='ltr'>Sirim,</span> <span class='ocrx_word' id='word_1_198' title='bbox 435 1887 537 1953; x_wconf 75' lang='lat' dir='ltr'>qtiae</span> <span class='ocrx_word' id='word_1_199' title='bbox 555 1893 663 1960; x_wconf 77' lang='lat' dir='ltr'>septi</span> <span class='ocrx_word' id='word_1_200' title='bbox 697 1897 890 1952; x_wconf 79' lang='lat' dir='ltr'>regionem</span> <span class='ocrx_word' id='word_1_201' title='bbox 922 1899 963 1942; x_wconf 82' lang='lat' dir='ltr'>in</span> <span class='ocrx_word' id='word_1_202' title='bbox 997 1898 1176 1956; x_wconf 78' lang='lat' dir='ltr'>inferiori</span> <span class='ocrx_word' id='word_1_203' title='bbox 1205 1902 1331 1950; x_wconf 81' lang='lat' dir='ltr'>cordis</span> <span class='ocrx_word' id='word_1_204' title='bbox 1350 1902 1497 1967; x_wconf 74' lang='lat' dir='ltr'>fitper-</span> 
     </span>
     <span class='ocr_line' id='line_1_27' title="bbox 577 1959 1129 2020; baseline 0.007 -17"><span class='ocrx_word' id='word_1_205' title='bbox 577 1963 672 2015; x_wconf 73' lang='lat' dir='ltr'>ficie&#39;</span> <span class='ocrx_word' id='word_1_206' title='bbox 703 1964 875 2017; x_wconf 51' lang='lat' dir='ltr'>indicat,</span> <span class='ocrx_word' id='word_1_207' title='bbox 901 1959 1129 2020; x_wconf 77' lang='lat' dir='ltr'>descriptio.</span> 
     </span>
    </p>

    <p class='ocr_par' dir='ltr' id='par_1_4' title="bbox 102 2012 1589 2082">
     <span class='ocr_line' id='line_1_28' title="bbox 102 2012 1589 2082; baseline 0.007 -16"><span class='ocrx_word' id='word_1_208' title='bbox 102 2071 105 2075; x_wconf 59' lang='grc'>,</span> <span class='ocrx_word' id='word_1_209' title='bbox 316 2026 457 2082; x_wconf 87' lang='lat' dir='ltr'>Longe</span> <span class='ocrx_word' id='word_1_210' title='bbox 500 2027 658 2072; x_wconf 83' lang='lat' dir='ltr'>diuersa</span> <span class='ocrx_word' id='word_1_211' title='bbox 700 2031 822 2082; x_wconf 78' lang='lat' dir='ltr'>origo</span> <span class='ocrx_word' id='word_1_212' title='bbox 863 2030 918 2070; x_wconf 85' lang='lat' dir='ltr'>est</span> <span class='ocrx_word' id='word_1_213' title='bbox 954 2028 1149 2073; x_wconf 89' lang='lat' dir='ltr'>fibrarum</span> <span class='ocrx_word' id='word_1_214' title='bbox 1187 2012 1411 2075; x_wconf 64' lang='lat' dir='ltr'>ventriculi</span> <span class='ocrx_word' id='word_1_215' title='bbox 1445 2033 1589 2080; x_wconf 86' lang='lat' dir='ltr'>dextri</span> 
     </span>
    </p>

    <p class='ocr_par' dir='ltr' id='par_1_5' title="bbox 125 2091 1587 2153">
     <span class='ocr_line' id='line_1_29' title="bbox 125 2091 1587 2153; baseline 0.004 -18"><span class='ocrx_word' id='word_1_216' title='bbox 125 2092 167 2135; x_wconf 85' lang='lat' dir='ltr'>in</span> <span class='ocrx_word' id='word_1_217' title='bbox 221 2091 407 2148; x_wconf 72' lang='lat' dir='ltr'>inferiori</span> <span class='ocrx_word' id='word_1_218' title='bbox 460 2091 580 2145; x_wconf 81' lang='lat' dir='ltr'>plana</span> <span class='ocrx_word' id='word_1_219' title='bbox 626 2092 764 2153; x_wconf 86' lang='lat' dir='ltr'>cordis</span> <span class='ocrx_word' id='word_1_220' title='bbox 808 2093 1034 2149; x_wconf 87' lang='lat' dir='ltr'>superficie.</span> <span class='ocrx_word' id='word_1_221' title='bbox 1108 2091 1190 2148; x_wconf 83' lang='lat' dir='ltr'>[a]</span> <span class='ocrx_word' id='word_1_222' title='bbox 1224 2094 1325 2137; x_wconf 85' lang='lat' dir='ltr'>Non</span> <span class='ocrx_word' id='word_1_223' title='bbox 1361 2111 1482 2152; x_wconf 83' lang='lat' dir='ltr'>crena</span> <span class='ocrx_word' id='word_1_224' title='bbox 1514 2101 1587 2141; x_wconf 85' lang='lat' dir='ltr'>hic</span> 
     </span>
    </p>
   </div>
   <div class='ocr_carea' id='block_1_4' title="bbox 123 2165 1589 2370">
    <p class='ocr_par' dir='ltr' id='par_1_6' title="bbox 123 2165 1589 2370">
     <span class='ocr_line' id='line_1_30' title="bbox 1515 2165 1589 2205; baseline 0.014 -1"><span class='ocrx_word' id='word_1_225' title='bbox 1515 2165 1589 2205; x_wconf 83' lang='lat' dir='ltr'>da-</span> 
     </span>
     <span class='ocr_line' id='line_1_31' title="bbox 169 2244 747 2293; baseline 0.002 -12"><span class='ocrx_word' id='word_1_226' title='bbox 169 2246 251 2293; x_wconf 80' lang='lat' dir='ltr'>[aJ</span> <span class='ocrx_word' id='word_1_227' title='bbox 303 2245 390 2281; x_wconf 81' lang='lat' dir='ltr'>Tab.</span> <span class='ocrx_word' id='word_1_228' title='bbox 417 2246 480 2281; x_wconf 80' lang='lat'>111.</span> <span class='ocrx_word' id='word_1_229' title='bbox 516 2244 556 2280; x_wconf 83' lang='lat' dir='ltr'>B.</span> <span class='ocrx_word' id='word_1_230' title='bbox 583 2249 621 2280; x_wconf 90' lang='lat' dir='ltr'>C.</span> <span class='ocrx_word' id='word_1_231' title='bbox 644 2247 688 2281; x_wconf 77' lang='grc' dir='ltr'>Ι).</span> <span class='ocrx_word' id='word_1_232' title='bbox 713 2247 747 2283; x_wconf 90' lang='lat' dir='ltr'>F.</span> 
     </span>
     <span class='ocr_line' id='line_1_32' title="bbox 123 2314 1234 2370; baseline -0.001 -13"><span class='ocrx_word' id='word_1_233' title='bbox 123 2314 222 2369; x_wconf 72' lang='grc' dir='ltr'>Αὸῖα</span> <span class='ocrx_word' id='word_1_234' title='bbox 241 2317 363 2358; x_wconf 75' lang='lat' dir='ltr'>Acad.</span> <span class='ocrx_word' id='word_1_235' title='bbox 386 2316 489 2370; x_wconf 83' lang='lat' dir='ltr'>Imp.</span> <span class='ocrx_word' id='word_1_236' title='bbox 505 2315 574 2358; x_wconf 88' lang='lat' dir='ltr'>Sc.</span> <span class='ocrx_word' id='word_1_237' title='bbox 593 2315 700 2359; x_wconf 83' lang='lat' dir='ltr'>Tom.</span> <span class='ocrx_word' id='word_1_238' title='bbox 716 2316 757 2359; x_wconf 88' lang='lat' dir='ltr'>V.</span> <span class='ocrx_word' id='word_1_239' title='bbox 776 2318 822 2359; x_wconf 84' lang='grc' dir='ltr'>Ρ.</span> <span class='ocrx_word' id='word_1_240' title='bbox 840 2315 895 2360; x_wconf 86' lang='grc' dir='ltr'>ΙΙ.</span> <span class='ocrx_word' id='word_1_241' title='bbox 1164 2315 1188 2357; x_wconf 92' lang='grc' dir='ltr'><strong>Ῑ</strong></span> <span class='ocrx_word' id='word_1_242' title='bbox 1218 2315 1234 2356; x_wconf 82' lang='lat' dir='ltr'>i</span> 
     </span>
    </p>
   </div>
  </div>
 </body>
</html>
