2041 2738
883 159 889 180 r
1101 153 1149 189 ρ,

872 208 986 258 »3233
1053 202 1070 261 )
1108 203 1251 261 240(
1314 208 1428 258 ⁰3³3&-

421 319 745 379 pertrafiatione·
773 317 1161 370 demonstrabitur,-
1180 316 1315 358 modis
1350 316 1490 356 variae
1519 326 1600 358 non
1627 319 1752 366 modo
1785 333 1878 374 pat-

423 398 492 427 tes·
519 389 683 438 coram,
716 384 781 424 1ed
818 384 941 424 variis
974 383 1067 423 istae
1102 384 1145 422 in
1189 382 1312 422 variis
1347 380 1504 421 sed1bus
1538 392 1727 432 quoque,
1750 383 1881 424 ,fibras

426 449 612 505 inter-se
648 459 858 489 connexas
895 447 1060 488 habent.
1129 445 1227 486 Alia
1275 444 1400 485 facies
1450 446 1573 496 longe
1618 447 1797 494 externis
1831 446 1880 486 fi-

425 513 510 554 bris
559 513 740 566 rcspestu
779 522 908 552 nexus
941 511 1062 551 huius
1098 511 1138 550 in
1175 508 1327 549 dextro
1362 509 1608 556 ventriculo,
1642 507 1723 555 alia
1757 510 1797 546 in
1833 509 1882 549 sr-

424 577 554 619 nistro
588 577 662 628 est,
693 576 769 617 alia
806 575 1025 615 ventriculi
1055 574 1265 625 Vtriusque
1298 574 1341 612 in
1379 572 1568 613 inferiori
1603 571 1693 623 sua,
1729 571 1806 610 alia
1830 573 1884 619 uin

426 639 653 692 superiori,
708 637 934 693 superficie.
1012 637 1069 678 Et
1106 638 1237 678 aliter
1271 636 1452 688 denique
1490 634 1710 675 ventriculi
1741 635 1885 687 Vdexrri

424 703 659 757 superficies
710 703 896 755 superior
939 702 980 741 in
1018 710 1136 754 parte
1187 699 1339 741 bafilaxi
1389 709 1431 738 et
1478 698 1885 747 infundibuliformi,

427 767 547 807 aliter
582 768 623 806 in
658 767 840 807 ventrali
872 775 916 807 et
955 777 1085 818 prope
1136 767 1324 818 apicem,
1378 762 1519 812 fibras,
1572 764 1708 811 aliter>
1743 762 1889 813 sinistri

425 829 650 883 ventriculi
700 828 886 883 superior
935 827 1172 882 superficies
1209 829 1257 868 ad
1292 827 1431 879 bafin,
1486 827 1607 868 aliter
1641 827 1689 867 ad
1729 827 1888 878 septum

428 903 471 936 et
504 895 668 948 apicem
702 893 866 946 versu5‚
918 894 1124 934 ordinatas
1161 892 1502 945 complicatasque
1536 889 1674 932 habet.
1744 888 1890 940 Sicba-

428 958 522 999 liter
566 958 608 998 in
654 957 878 1006 anteriori,
931 956 1050 998 aliter
1084 958 1127 997 in
1163 956 1408 1009 posteriori,
1458 954 1619 995 sinuum
1671 953 1887 1007 superficie

429 1022 558 1064 fibrae
608 1032 836 1074 externae,
877 1019 995 1062 aliter
1050 1020 1213 1065 eaedem
1250 1018 1448 1066 inferius,
1498 1017 1619 1056 aliter
1667 1018 1709 1056 in
1754 1019 1892 1059 media

429 1096 546 1140 parte
582 1094 624 1125 et
658 1085 869 1139 superius,
919 1084 1038 1123 aliter
1070 1082 1211 1136 ¹multo
1245 1082 1434 1122 internae
1468 1081 1606 1120 dextri
1643 1080 1774 1132 finus,
1818 1082 1894 1122 ali-

429 1159 498 1189 ter
530 1147 705 1196 sinistri,
739 1148 858 1188 inter
882 1146 920 1187 se
955 1155 1104 1189 mutuo
1140 1146 1456 1187 connedhmtur.
1537 1141 1659 1198 Quos
1695 1142 1891 1189 haetenus

430 1225 533 1265 ergo
567 1211 752 1258 defimui,
786 1212 850 1253 his
886 1210 1012 1252 variis
1047 1209 1182 1250 modis
1219 1208 1345 1250 fibrae
1383 1208 1593 1248 variarum
1628 1209 1764 1264 cordis
1791 1216 1891 1264 ''par-

433 1279 538 1318 tium
575 1276 618 1315 in
653 1278 780 1317 variis
817 1277 895 1315 suis
932 1273 1090 1330 sedibus
1127 1283 1169 1314 et
1205 1273 1441 1326 regionibus
1478 1270 1815 1326 complicantur,
1847 1280 1895 1313 vt

432 1339 607 1380 cuihbet
643 1340 726 1379 fere
762 1340 892 1392 parti,
947 1347 1015 1379 aut
1049 1336 1238 1388 regioni,
1289 1336 1494 1390 peculiare
1530 1347 1657 1385 genus
1691 1335 1893 1377 fibrarum

431 1402 504 1452 fit,
555 1401 757 1456 peculiari
811 1401 941 1441 modo
974 1412 1289 1441 connexarum.
1353 1399 1411 1440 Et
1446 1399 1562 1451 saepe
1597 1399 1639 1437 in
1676 1401 1758 1439 vsna
1802 1397 1892 1439 (ede

433 1465 602 1508 diuersis
653 1466 787 1506 modis
837 1476 1057 1506 connexae
1095 1462 1222 1504 fibrae
1258 1462 1376 1508 sunt,
1429 1463 1527 1502 dum
1569 1470 1611 1501 et
1643 1461 1788 1502 fasciae
1821 1469 1893 1501 aut

435 1528 637 1576 fasciculi,
687 1540 792 1579 quos
824 1527 1022 1567 collectae
1057 1524 1269 1570 efficiunt,
1322 1523 1442 1562 fimul
1493 1523 1605 1562 inter
1634 1525 1672 1561 se
1716 1531 1893 1573 mutuo,

436 1603 477 1634 et
511 1591 639 1633 fibrae
673 1589 877 1644 fingulae,
921 1587 1082 1630 fibrillis
1127 1597 1198 1628 aut
1245 1584 1470 1626 coalitione
1517 1584 1773 1634 inordinata,
1820 1585 1894 1627 vel

436 1655 669 1703 reticulari‚
720 1653 1051 1704 connec'tuntur3
1100 1649 1456 1704 quemadmodum
1491 1650 1535 1690 in
1571 1647 1758 1689 vniuersa
1792 1649 1896 1689 vtri·

440 1732 570 1772 usque
604 1716 827 1759 ventriculi
861 1715 1077 1772 {uperficie
1113 1713 1312 1769 superiori
1349 1722 1529 1766 apparet.
1601 1709 1734 1764 Saepe
1768 1712 1896 1752 etiam

442 1795 524 1827 ‘vna
556 1775 640 1825 sola
672 1783 834 1825 ratione
866 1780 1069 1824 vniformi
1103 1779 1146 1821 in
1181 1775 1369 1821 vniuersa
1417 1776 1553 1826 aliqua
1599 1786 1717 1830 parte
1762 1774 1893 1818 fibrae

439 1860 656 1891 connexae
710 1847 827 1898 sunt,
875 1847 992 1889 velut
1025 1847 1067 1887 in
1104 1846 1229 1887 fasciis
1273 1841 1508 1884 bafilaribus
1556 1841 1744 1890 finuum,
1791 1850 1898 1892 quae

444 1913 649 1966 integrae,
702 1923 779 1952 nec
827 1909 979 1951 diuisae
1013 1909 1105 1951 vllo
1141 1908 1272 1949 modo
1305 1910 1348 1945 in
1382 1905 1590 1955 fasciolas,
1638 1904 1741 1945 solas
1774 1903 1899 1944 fibras

442 1976 530 2016 suas
563 1975 645 2016 iola
677 1973 757 2015 hac
791 1972 946 2026 vbique
981 1973 1202 2014 reticulata
1236 1969 1456 2012 coalitione
1486 1967 1901 2015 connexasohabent.

442 2037 493 2080 In
527 2037 701 2078 internis
753 2044 897 2077 contra
947 2035 1282 2077 ventriculorum
1318 2041 1361 2073 et
1396 2032 1678 2081 auricularum
1712 2027 1905 2086 -superfi-

445 2101 596 2143 ciebus-
615 2099 721 2142 solos
752 2097 990 2148 fasciculos,
1044 2100 1086 2140 in
1120 2110 1224 2151 quos
1259 2094 1386 2136 fibrae
1422 2095 1617 2137 colleoae
1651 2096 1766 2145 sunt,
1807 2093 1902 2134 fini-

450 2165 527 2206 bus
559 2163 667 2217 suis,
717 2160 968 2205 ramificatos
1005 2160 1333 2212 coniuncrosque
1379 2160 1517 2208 varie,
1567 2159 1676 2199 inter
1708 2159 1749 2199 se
1786 2169 1906 2196 com-

450 2228 624 2285 plicatos
656 2227 736 2273 effe
769 2224 953 2282 constatss,
1003 2225 1117 2285 fibri}
1151 2223 1367 2284 yariorum
1399 2221 1690 2267 fasciculorum
1736 2219 1904 2275 lingulis

1845 2293 1899 2324 ne
