2041 2738
867 199 981 248 ”32³3
1045 198 1073 251 >3
1102 207 1188 246 ἑῆς-8
1226 196 1248 251 (’
1306 198 1422 249 ἔρξω

425 311 600 351 aiterum
636 322 759 361 genus
796 312 957 355 nexus,
982 308 1196 350 referenda
1231 308 1332 356 finti,
1366 307 1541 350 dubites.
1585 308 1696 352 Dum
1732 312 1874 355 fasciae

422 372 572 413 finibus
611 372 692 420 suis,
724 373 1055 426 coniunguntur,
1111 373 1192 414 hoc
1228 375 1285 414 ita
1322 384 1625 426 nonnunquam
1677 375 1877 433 efficitur,

425 444 467 477 vt
504 437 656 490 partim
691 436 863 479 obscure
901 439 1125 487 serratam,
1159 439 1313 492 partim
1350 437 1630 490 interruptam
1661 440 1878 485 continua-

422 501 616 550 tionem,
652 515 742 543 eam
779 501 1121 541 coniunctionem
1157 514 1331 550 vocare,
1384 501 1451 542 vel
1485 504 1526 542 in
1561 500 1712 541 medio.
1750 504 1883 554 potius

422 564 531 605 inter
583 575 806 619 Vtramque
860 566 1040 621 referre,
1093 566 1233 619 poffis3
1285 566 1344 606 vti
1382 566 1424 605 in
1461 564 1584 607 fasciis
1628 565 1882 607 ventralibus

425 628 504 684 [a]
542 630 762 683 contingit.
848 628 965 670 Dum
1021 630 1148 670 altera
1197 630 1315 671 fascia
1354 629 1519 682 oblique
1554 629 1602 671 ad
1639 629 1809 671 alteram
1845 630 1884 669 se

421 691 623 747 applicat,
658 695 714 734 ita
751 694 863 747 saepe
898 694 1047 746 prioris
1081 692 1222 735 fasciae
1273 693 1449 736 fibriilae
1496 693 1694 747 dispersae
1728 694 1772 733 in
1809 692 1884 734 ali-

423 768 549 809 quam
592 757 715 798 huius
767 758 1002 810 posterioris
1053 757 1199 798 fasciae
1250 756 1397 799 fibram
1450 757 1645 800 latiorem
1693 758 1884 798 inserun-

423 830 513 870 tur,
545 831 594 862 vt
631 821 775 863 dubius
807 822 879 870 fis,
917 820 1166 875 obliquaene
1200 821 1343 863 fasciae
1380 822 1422 862 in
1459 822 1625 862 fasciam
1663 821 1883 864 insertioui

421 884 530 926 hunc
567 897 749 935 nexum,
774 899 820 926 an
843 884 1040 926 fibrarum
1076 885 1390 939 complicationi
1416 899 1490 940 per
1523 884 1705 936 fibrillas‚
1739 898 1885 926 accen-

423 948 520 989 seas.
585 948 634 990 In
671 949 918 991 ventralibus
968 952 1123 1002 pariter
1173 951 1305 991 fasciis
1351 950 1572 991 ventriculi
1629 949 1766 990 dextri
1801 949 1884 991 hoe

423 1012 575 1052 accidit
610 1013 752 1066 paffim
794 1012 880 1067 [b].
942 1012 1059 1054 Tum
1096 1013 1281 1054 notabile
1323 1014 1563 1065 exemplum
1603 1014 1713 1054 inter
1745 1013 1884 1056 fascias

427 1076 555 1128 apicis
592 1077 815 1117 ventriculi
867 1077 1049 1117 eiusdem
1102 1077 1314 1124 occurrit,
1365 1076 1436 1117 vbi
1471 1075 1641 1116 fibrillae
1687 1077 1782 1129 [c],
1835 1077 1884 1118 ab

425 1138 503 1179 alia
539 1137 703 1181 fasciola
743 1139 820 1193 [d]
856 1151 992 1186 ortae,
1027 1140 1067 1179 in
1106 1139 1226 1180 aliam
1258 1140 1334 1191 [e]
1369 1140 1520 1194 partim
1557 1139 1756 1188 insertae,
1792 1152 1888 1192 par-

423 1203 501 1246 tim
536 1205 578 1245 iu
622 1204 736 1245 aliam
775 1202 842 1258 [f]
879 1205 1164 1253 continuatae,
1214 1207 1369 1245 mirum
1414 1214 1454 1245 et
1490 1203 1563 1243 vix
1599 1203 1888 1246 extricabilem

426 1279 586 1307 nexum
640 1267 835 1308 efficiunt.
904 1268 962 1308 Et
999 1268 1130 1307 fimile
1182 1266 1266 1308 fere
1319 1268 1559 1322 exemplum
1597 1268 1639 1307 in
1672 1277 1787 1322 parte
1821 1267 1889 1310 in·

424 1329 754 1370 fundibuliformi
807 1343 937 1384 prope
989 1331 1150 1383 septum
1205 1342 1398 1383 apparet,
1448 1333 1549 1374 dum
1591 1331 1714 1373 latior
1748 1329 1887 1383 aliqua

425 1392 527 1434 fibra
566 1393 641 1447 [g]
682 1394 823 1434 fasciae
860 1395 983 1435 alicui
1020 1394 1178 1434 vicinae
1212 1393 1290 1445 [h]
1353 1393 1511 1434 fibrillis
1543 1393 1695 1445 partim
1732 1393 1885 1433 adnec-

426 1457 550 1505 titur,
598 1459 747 1509 partim
783 1457 831 1497 ab
867 1471 914 1497 ea
949 1458 1052 1498 oriri
1105 1456 1283 1500 videtur.
1361 1456 1421 1498 Et
1454 1456 1562 1497 aliud
1598 1457 1640 1495 in
1675 1456 1883 1507 angulari-

428 1519 527 1570 bus,
561 1520 661 1560 dum
701 1522 785 1575 ipsa
819 1524 980 1574 prima,
1019 1532 1121 1573 quae
1155 1520 1198 1559 in
1233 1521 1437 1573 superiori
1487 1519 1623 1559 cordis
1671 1517 1882 1573 superficie

1756 1592 1884 1635 appa·

469 1732 533 1779 [a]
558 1731 642 1767 Τὼ.
668 1731 692 1765 1.
717 1729 775 1765 26:

474 1793 539 1841 [b]
564 1789 692 1828 Fasciae
718 1790 807 1837 [Tab
843 1792 865 1825 1.
890 1802 951 1837 40.
973 1791 1040 1838 4¹·]
1064 1787 1209 1839 disperfis
1234 1786 1358 1823 fibrinis
1383 1787 1417 1821 in
1439 1782 1608 1822 fasciolam
1634 1783 1741 1832 [Tab.
1768 1784 1798 1820 Ι.
1822 1784 1891 1833 3ς.]

570 1846 764 1888 inseruntur,
787 1856 821 1884 vt
844 1861 913 1884 non
939 1859 1012 1891 tam>
1034 1847 1150 1884 fasciae
1176 1851 1210 1883 in
1235 1844 1368 1881 fasciam
1395 1840 1509 1883 inseri,
1533 1854 1631 1891 quam
1658 1844 1763 1890 potius
1787 1839 1888 1876 fibrii-

569 1904 609 1940 lis
634 1904 736 1941 fibrae
759 1895 933 1944 alterarum
957 1903 1131 1944 fasciarum
1150 1910 1232 1942 'cum
1256 1901 1382 1940 alterius
1403 1898 1496 1938 fibris
1517 1899 1675 1937 couneffi
1697 1896 1874 1938 videantur.

470 1960 523 2008 [c]
549 1961 638 1997 Tab.
666 1962 696 2000 1.
724 1973 776 2006 5⁰·
804 1975 854 2008 52.

470 2017 530 2066 [d]
557 2020 645 2054 Tab.
671 2019 704 2053 1.
730 2030 776 2064 52.
806 2032 852 2064 54,

471 2076 517 2123 [e]
541 2074 630 2110 Tab.
657 2075 681 2109 1.
705 2085 760 2119 50.
787 2086 843 2124 47,

474 2132 537 2181 [s]
562 2133 648 2172 Tab.
675 2133 705 2167 Ι.
733 2143 781 2178 53.

471 2196 540 2245 [g]
565 2194 653 2234 Tab.
680 2195 704 2229 1.
733 2205 785 2231 20.

471 2253 529 2303 [h]
553 2252 641 2291 Tab.
667 2254 692 2289 1.
716 2263 768 2295 27.
